<?xml version="1.0" encoding="UTF-8"?>
<!DOCTYPE html PUBLIC "-//W3C//DTD XHTML 1.0 Transitional//EN"
    "http://www.w3.org/TR/xhtml1/DTD/xhtml1-transitional.dtd">
<html xmlns="http://www.w3.org/1999/xhtml" xml:lang="en" lang="en">
 <head>
  <title>
</title>
<meta http-equiv="Content-Type" content="text/html;charset=utf-8" />
  <meta name='ocr-system' content='tesseract 3.04.00' />
  <meta name='ocr-capabilities' content='ocr_page ocr_carea ocr_par ocr_line ocrx_word'/>
</head>
<body>
  <div class='ocr_page' id='page_1' title='image "./symboladiuinahum13typo_0389.png"; bbox 0 0 1980 3369; ppageno 0'>
   <div class='ocr_carea' id='block_1_1' title="bbox 1534 268 1616 314">
    <p class='ocr_par' dir='ltr' id='par_1_1' title="bbox 1534 268 1616 314">
     <span class='ocr_line' id='line_1_1' title="bbox 1534 268 1616 314; baseline -0.024 0"><span class='ocrx_word' id='word_1_1' title='bbox 1534 268 1616 314; x_wconf 72' lang='lat'>35·</span> 
     </span>
    </p>
   </div>
   <div class='ocr_carea' id='block_1_2' title="bbox 71 317 1713 750">
    <p class='ocr_par' dir='ltr' id='par_1_2' title="bbox 71 317 1713 750">
     <span class='ocr_line' id='line_1_2' title="bbox 71 317 1713 370; baseline -0.002 -8"><span class='ocrx_word' id='word_1_2' title='bbox 71 322 194 362; x_wconf 84' lang='lat' dir='ltr'>famia</span> <span class='ocrx_word' id='word_1_3' title='bbox 210 331 370 364; x_wconf 81' lang='lat' dir='ltr'>arcetur,</span> <span class='ocrx_word' id='word_1_4' title='bbox 383 317 636 370; x_wconf 74' lang='lat' dir='ltr'>generositate</span> <span class='ocrx_word' id='word_1_5' title='bbox 649 317 872 357; x_wconf 83' lang='lat' dir='ltr'>insidiantes</span> <span class='ocrx_word' id='word_1_6' title='bbox 897 318 1148 368; x_wconf 88' lang='lat' dir='ltr'>repelluntur,</span> <span class='ocrx_word' id='word_1_7' title='bbox 1173 329 1218 355; x_wconf 88' lang='lat' dir='ltr'>ac</span> <span class='ocrx_word' id='word_1_8' title='bbox 1232 317 1436 366; x_wconf 88' lang='lat' dir='ltr'>prudentia</span> <span class='ocrx_word' id='word_1_9' title='bbox 1448 321 1680 369; x_wconf 38' lang='lat' dir='ltr'>periculk.</span> <span class='ocrx_word' id='word_1_10' title='bbox 1692 320 1713 355; x_wconf 64' lang='lat' dir='ltr'><strong><em>f</em></strong></span> 
     </span>
     <span class='ocr_line' id='line_1_3' title="bbox 72 373 1617 427; baseline -0.003 -10"><span class='ocrx_word' id='word_1_11' title='bbox 72 387 267 427; x_wconf 79' lang='lat' dir='ltr'>caventur.</span> <span class='ocrx_word' id='word_1_12' title='bbox 326 377 407 414; x_wconf 91' lang='lat' dir='ltr'>Istis</span> <span class='ocrx_word' id='word_1_13' title='bbox 422 378 554 423; x_wconf 87' lang='lat' dir='ltr'>itaque</span> <span class='ocrx_word' id='word_1_14' title='bbox 566 375 684 413; x_wconf 89' lang='lat' dir='ltr'>tribus</span> <span class='ocrx_word' id='word_1_15' title='bbox 696 373 796 413; x_wconf 72' lang='lat' dir='ltr'>reste</span> <span class='ocrx_word' id='word_1_16' title='bbox 809 374 844 412; x_wconf 90' lang='lat' dir='ltr'>se</span> <span class='ocrx_word' id='word_1_17' title='bbox 858 375 1048 412; x_wconf 83' lang='lat' dir='ltr'>ferociam</span> <span class='ocrx_word' id='word_1_18' title='bbox 1064 377 1168 423; x_wconf 87' lang='lat' dir='ltr'>proci</span> <span class='ocrx_word' id='word_1_19' title='bbox 1183 374 1344 411; x_wconf 80' lang='lat' dir='ltr'>illudere</span> <span class='ocrx_word' id='word_1_20' title='bbox 1366 375 1617 424; x_wconf 77' lang='lat' dir='ltr'>gloriabatur.</span> 
     </span>
     <span class='ocr_line' id='line_1_4' title="bbox 74 428 1617 484; baseline -0.001 -13"><span class='ocrx_word' id='word_1_21' title='bbox 74 434 156 472; x_wconf 92' lang='lat' dir='ltr'>Cur</span> <span class='ocrx_word' id='word_1_22' title='bbox 168 443 300 484; x_wconf 85' lang='lat' dir='ltr'>autem</span> <span class='ocrx_word' id='word_1_23' title='bbox 315 432 394 469; x_wconf 82' lang='lat' dir='ltr'>haec</span> <span class='ocrx_word' id='word_1_24' title='bbox 407 433 555 469; x_wconf 85' lang='lat' dir='ltr'>Beatrix</span> <span class='ocrx_word' id='word_1_25' title='bbox 571 431 710 468; x_wconf 90' lang='lat' dir='ltr'>eadem</span> <span class='ocrx_word' id='word_1_26' title='bbox 724 429 1008 480; x_wconf 77' lang='lat' dir='ltr'>Hierographia</span> <span class='ocrx_word' id='word_1_27' title='bbox 1021 429 1086 467; x_wconf 89' lang='lat' dir='ltr'>usa</span> <span class='ocrx_word' id='word_1_28' title='bbox 1102 429 1156 472; x_wconf 82' lang='lat' dir='ltr'>lit,</span> <span class='ocrx_word' id='word_1_29' title='bbox 1171 428 1347 467; x_wconf 86' lang='lat' dir='ltr'>nescitur.</span> <span class='ocrx_word' id='word_1_30' title='bbox 1363 428 1473 467; x_wconf 78' lang='lat' dir='ltr'>Forte</span> <span class='ocrx_word' id='word_1_31' title='bbox 1485 430 1617 469; x_wconf 88' lang='lat' dir='ltr'>Theo-</span> 
     </span>
     <span class='ocr_line' id='line_1_5' title="bbox 73 482 1618 540; baseline -0.002 -13"><span class='ocrx_word' id='word_1_32' title='bbox 73 487 200 540; x_wconf 76' lang='lat' dir='ltr'>logice</span> <span class='ocrx_word' id='word_1_33' title='bbox 213 490 342 531; x_wconf 88' lang='lat' dir='ltr'>leone,</span> <span class='ocrx_word' id='word_1_34' title='bbox 356 488 543 527; x_wconf 79' lang='lat' dir='ltr'>Satanam</span> <span class='ocrx_word' id='word_1_35' title='bbox 555 485 741 536; x_wconf 79' lang='lat' dir='ltr'>designat,</span> <span class='ocrx_word' id='word_1_36' title='bbox 763 498 882 534; x_wconf 89' lang='lat' dir='ltr'>quem</span> <span class='ocrx_word' id='word_1_37' title='bbox 906 486 1029 522; x_wconf 89' lang='lat' dir='ltr'>tribus</span> <span class='ocrx_word' id='word_1_38' title='bbox 1041 485 1193 522; x_wconf 84' lang='lat' dir='ltr'>facibus</span> <span class='ocrx_word' id='word_1_39' title='bbox 1206 482 1281 533; x_wconf 87' lang='lat' dir='ltr'>spe,</span> <span class='ocrx_word' id='word_1_40' title='bbox 1295 485 1371 522; x_wconf 73' lang='lat' dir='ltr'>fide</span> <span class='ocrx_word' id='word_1_41' title='bbox 1386 488 1424 523; x_wconf 74' lang='grc' dir='ltr'>δε</span> <span class='ocrx_word' id='word_1_42' title='bbox 1452 486 1618 524; x_wconf 85' lang='lat' dir='ltr'>charita-</span> 
     </span>
     <span class='ocr_line' id='line_1_6' title="bbox 71 539 1618 590; baseline -0.002 -8"><span class='ocrx_word' id='word_1_43' title='bbox 71 555 110 583; x_wconf 89' lang='lat' dir='ltr'>te</span> <span class='ocrx_word' id='word_1_44' title='bbox 121 545 323 583; x_wconf 76' lang='lat' dir='ltr'>domavit3</span> <span class='ocrx_word' id='word_1_45' title='bbox 354 553 396 584; x_wconf 89' lang='lat' dir='ltr'>ut</span> <span class='ocrx_word' id='word_1_46' title='bbox 406 543 585 585; x_wconf 83' lang='lat' dir='ltr'>diadema</span> <span class='ocrx_word' id='word_1_47' title='bbox 600 542 753 587; x_wconf 84' lang='lat' dir='ltr'>coeleste</span> <span class='ocrx_word' id='word_1_48' title='bbox 773 541 962 590; x_wconf 84' lang='lat' dir='ltr'>consequi</span> <span class='ocrx_word' id='word_1_49' title='bbox 985 539 1114 590; x_wconf 82' lang='lat' dir='ltr'>posset:</span> <span class='ocrx_word' id='word_1_50' title='bbox 1151 540 1227 577; x_wconf 87' lang='lat' dir='ltr'>Vix</span> <span class='ocrx_word' id='word_1_51' title='bbox 1241 541 1348 577; x_wconf 89' lang='lat' dir='ltr'>enim</span> <span class='ocrx_word' id='word_1_52' title='bbox 1361 542 1541 579; x_wconf 82' lang='lat' dir='ltr'>credibile</span> <span class='ocrx_word' id='word_1_53' title='bbox 1552 542 1618 586; x_wconf 91' lang='lat' dir='ltr'>est,</span> 
     </span>
     <span class='ocr_line' id='line_1_7' title="bbox 74 595 1619 648; baseline -0.003 -9"><span class='ocrx_word' id='word_1_54' title='bbox 74 600 289 639; x_wconf 86' lang='lat' dir='ltr'>foeminam</span> <span class='ocrx_word' id='word_1_55' title='bbox 303 595 457 648; x_wconf 76' lang='lat' dir='ltr'>politice</span> <span class='ocrx_word' id='word_1_56' title='bbox 470 598 548 635; x_wconf 89' lang='lat' dir='ltr'>haec</span> <span class='ocrx_word' id='word_1_57' title='bbox 568 598 733 648; x_wconf 78' lang='lat' dir='ltr'>intelligi</span> <span class='ocrx_word' id='word_1_58' title='bbox 745 598 865 637; x_wconf 80' lang='lat' dir='ltr'>velle3</span> <span class='ocrx_word' id='word_1_59' title='bbox 887 608 1030 646; x_wconf 84' lang='lat' dir='ltr'><strong>nempe</strong></span> <span class='ocrx_word' id='word_1_60' title='bbox 1044 596 1246 644; x_wconf 81' lang='lat' dir='ltr'>religione,</span> <span class='ocrx_word' id='word_1_61' title='bbox 1262 596 1426 642; x_wconf 85' lang='lat' dir='ltr'>justicia,</span> <span class='ocrx_word' id='word_1_62' title='bbox 1450 598 1488 634; x_wconf 77' lang='grc' dir='ltr'>ὅ(</span> <span class='ocrx_word' id='word_1_63' title='bbox 1500 599 1619 635; x_wconf 89' lang='lat' dir='ltr'>armis</span> 
     </span>
     <span class='ocr_line' id='line_1_8' title="bbox 72 650 1621 704; baseline -0.001 -11"><span class='ocrx_word' id='word_1_64' title='bbox 72 665 267 704; x_wconf 81' lang='lat' dir='ltr'>tanquam</span> <span class='ocrx_word' id='word_1_65' title='bbox 280 654 444 699; x_wconf 83' lang='lat' dir='ltr'>facibus,</span> <span class='ocrx_word' id='word_1_66' title='bbox 458 655 640 694; x_wconf 84' lang='lat' dir='ltr'>diadema</span> <span class='ocrx_word' id='word_1_67' title='bbox 667 653 731 691; x_wconf 85' lang='lat' dir='ltr'>seu</span> <span class='ocrx_word' id='word_1_68' title='bbox 750 665 919 703; x_wconf 83' lang='lat' dir='ltr'>regnum</span> <span class='ocrx_word' id='word_1_69' title='bbox 942 661 1080 690; x_wconf 83' lang='lat' dir='ltr'>contra</span> <span class='ocrx_word' id='word_1_70' title='bbox 1104 650 1263 688; x_wconf 84' lang='lat' dir='ltr'>leonem</span> <span class='ocrx_word' id='word_1_71' title='bbox 1279 679 1294 702; x_wconf 50' lang='grc' dir='ltr'>ζ</span> <span class='ocrx_word' id='word_1_72' title='bbox 1329 652 1366 688; x_wconf 93' lang='lat' dir='ltr'>id</span> <span class='ocrx_word' id='word_1_73' title='bbox 1379 651 1429 689; x_wconf 86' lang='lat' dir='ltr'>est</span> <span class='ocrx_word' id='word_1_74' title='bbox 1452 652 1621 698; x_wconf 79' lang='lat' dir='ltr'>hostem,</span> 
     </span>
     <span class='ocr_line' id='line_1_9' title="bbox 76 710 226 750; baseline -0.02 0"><span class='ocrx_word' id='word_1_75' title='bbox 76 710 226 750; x_wconf 82' lang='lat' dir='ltr'>servari.</span> 
     </span>
    </p>
   </div>
   <div class='ocr_carea' id='block_1_3' title="bbox 487 788 1227 857">
    <p class='ocr_par' dir='ltr' id='par_1_3' title="bbox 487 788 1227 857">
     <span class='ocr_line' id='line_1_10' title="bbox 487 788 1227 857; baseline -0.007 -17"><span class='ocrx_word' id='word_1_76' title='bbox 487 789 798 840; x_wconf 83' lang='lat' dir='ltr'>INSTAR</span> <span class='ocrx_word' id='word_1_77' title='bbox 848 788 1227 857; x_wconf 75' lang='lat' dir='ltr'>OMNIUM.</span> 
     </span>
    </p>
   </div>
   <div class='ocr_carea' id='block_1_4' title="bbox 74 884 1634 1996">
    <p class='ocr_par' dir='ltr' id='par_1_4' title="bbox 74 884 1634 1996">
     <span class='ocr_line' id='line_1_11' title="bbox 229 884 1622 940; baseline -0.002 -15"><span class='ocrx_word' id='word_1_78' title='bbox 229 888 339 940; x_wconf 79' lang='lat' dir='ltr'>Qid</span> <span class='ocrx_word' id='word_1_79' title='bbox 352 886 421 934; x_wconf 85' lang='lat' dir='ltr'>fibi</span> <span class='ocrx_word' id='word_1_80' title='bbox 433 887 523 933; x_wconf 87' lang='lat' dir='ltr'>velit</span> <span class='ocrx_word' id='word_1_81' title='bbox 536 888 628 924; x_wconf 85' lang='lat' dir='ltr'>Ema</span> <span class='ocrx_word' id='word_1_82' title='bbox 636 889 728 926; x_wconf 85' lang='lat' dir='ltr'>nuel</span> <span class='ocrx_word' id='word_1_83' title='bbox 745 886 978 924; x_wconf 84' lang='lat' dir='ltr'>Philibertus</span> <span class='ocrx_word' id='word_1_84' title='bbox 991 886 1083 923; x_wconf 78' lang='lat' dir='ltr'>Dux</span> <span class='ocrx_word' id='word_1_85' title='bbox 1102 884 1303 931; x_wconf 79' lang='lat' dir='ltr'>Sabaudiae</span> <span class='ocrx_word' id='word_1_86' title='bbox 1318 884 1397 923; x_wconf 87' lang='lat' dir='ltr'>hoc</span> <span class='ocrx_word' id='word_1_87' title='bbox 1410 884 1622 935; x_wconf 89' lang='lat' dir='ltr'>Symbolo,</span> 
     </span>
     <span class='ocr_line' id='line_1_12' title="bbox 77 938 1622 990; baseline -0.001 -9"><span class='ocrx_word' id='word_1_88' title='bbox 77 943 146 981; x_wconf 91' lang='lat' dir='ltr'>IN</span> <span class='ocrx_word' id='word_1_89' title='bbox 162 942 184 980; x_wconf 88' lang='lat' dir='ltr'>S</span> <span class='ocrx_word' id='word_1_90' title='bbox 198 943 233 981; x_wconf 92' lang='lat' dir='ltr'>T</span> <span class='ocrx_word' id='word_1_91' title='bbox 247 943 286 981; x_wconf 93' lang='lat' dir='ltr'>A</span> <span class='ocrx_word' id='word_1_92' title='bbox 302 944 340 980; x_wconf 77' lang='lat' dir='ltr'>R</span> <span class='ocrx_word' id='word_1_93' title='bbox 392 944 430 980; x_wconf 91' lang='lat' dir='ltr'>O</span> <span class='ocrx_word' id='word_1_94' title='bbox 448 944 489 981; x_wconf 78' lang='lat' dir='ltr'>M</span> <span class='ocrx_word' id='word_1_95' title='bbox 503 945 541 980; x_wconf 96' lang='lat' dir='ltr'>N</span> <span class='ocrx_word' id='word_1_96' title='bbox 557 944 571 979; x_wconf 86' lang='lat'>1</span> <span class='ocrx_word' id='word_1_97' title='bbox 586 943 624 980; x_wconf 90' lang='lat' dir='ltr'>V</span> <span class='ocrx_word' id='word_1_98' title='bbox 639 944 696 980; x_wconf 88' lang='lat' dir='ltr'>M.</span> <span class='ocrx_word' id='word_1_99' title='bbox 730 942 889 989; x_wconf 85' lang='lat' dir='ltr'>difficile</span> <span class='ocrx_word' id='word_1_100' title='bbox 909 942 960 979; x_wconf 87' lang='lat' dir='ltr'>est</span> <span class='ocrx_word' id='word_1_101' title='bbox 983 941 1165 989; x_wconf 69' lang='lat' dir='ltr'>conjestu</span> <span class='ocrx_word' id='word_1_102' title='bbox 1182 969 1192 986; x_wconf 86' lang='lat'>‚</span> <span class='ocrx_word' id='word_1_103' title='bbox 1219 939 1423 990; x_wconf 73' lang='lat' dir='ltr'>praesertim</span> <span class='ocrx_word' id='word_1_104' title='bbox 1444 938 1556 989; x_wconf 79' lang='lat' dir='ltr'>quod</span> <span class='ocrx_word' id='word_1_105' title='bbox 1575 953 1622 979; x_wconf 79' lang='lat' dir='ltr'>cx</span> 
     </span>
     <span class='ocr_line' id='line_1_13' title="bbox 74 996 1626 1049; baseline -0.001 -15"><span class='ocrx_word' id='word_1_106' title='bbox 74 999 337 1049; x_wconf 79' lang='lat' dir='ltr'>Hieroglypto</span> <span class='ocrx_word' id='word_1_107' title='bbox 350 999 546 1047; x_wconf 84' lang='lat' dir='ltr'>explicari,</span> <span class='ocrx_word' id='word_1_108' title='bbox 560 1008 627 1035; x_wconf 86' lang='lat' dir='ltr'>aut</span> <span class='ocrx_word' id='word_1_109' title='bbox 636 997 801 1047; x_wconf 88' lang='lat' dir='ltr'>suppleri</span> <span class='ocrx_word' id='word_1_110' title='bbox 824 998 1063 1047; x_wconf 80' lang='lat' dir='ltr'>Symbolum</span> <span class='ocrx_word' id='word_1_111' title='bbox 1087 1009 1171 1035; x_wconf 90' lang='lat' dir='ltr'>non</span> <span class='ocrx_word' id='word_1_112' title='bbox 1186 996 1318 1046; x_wconf 89' lang='lat' dir='ltr'>possit.</span> <span class='ocrx_word' id='word_1_113' title='bbox 1352 997 1462 1034; x_wconf 90' lang='lat' dir='ltr'>Nam</span> <span class='ocrx_word' id='word_1_114' title='bbox 1473 1008 1626 1034; x_wconf 87' lang='lat' dir='ltr'>corona.</span> 
     </span>
     <span class='ocr_line' id='line_1_14' title="bbox 75 1050 1625 1101; baseline -0.002 -10"><span class='ocrx_word' id='word_1_115' title='bbox 75 1066 120 1092; x_wconf 86' lang='lat' dir='ltr'>cx</span> <span class='ocrx_word' id='word_1_116' title='bbox 136 1054 233 1093; x_wconf 87' lang='lat' dir='ltr'>lauri</span> <span class='ocrx_word' id='word_1_117' title='bbox 245 1054 466 1097; x_wconf 87' lang='lat' dir='ltr'>frondibus,</span> <span class='ocrx_word' id='word_1_118' title='bbox 488 1066 579 1090; x_wconf 91' lang='lat' dir='ltr'>cum</span> <span class='ocrx_word' id='word_1_119' title='bbox 592 1054 718 1090; x_wconf 84' lang='lat' dir='ltr'>baccis</span> <span class='ocrx_word' id='word_1_120' title='bbox 733 1053 938 1098; x_wconf 82' lang='lat' dir='ltr'>exhibetur</span> <span class='ocrx_word' id='word_1_121' title='bbox 951 1082 961 1096; x_wconf 95' lang='lat'>,</span> <span class='ocrx_word' id='word_1_122' title='bbox 978 1054 1076 1090; x_wconf 88' lang='lat' dir='ltr'>acin</span> <span class='ocrx_word' id='word_1_123' title='bbox 1096 1053 1284 1101; x_wconf 86' lang='lat' dir='ltr'>superiori</span> <span class='ocrx_word' id='word_1_124' title='bbox 1301 1062 1405 1101; x_wconf 84' lang='lat' dir='ltr'>parte</span> <span class='ocrx_word' id='word_1_125' title='bbox 1418 1050 1502 1089; x_wconf 87' lang='lat' dir='ltr'>rosa</span> <span class='ocrx_word' id='word_1_126' title='bbox 1516 1063 1562 1088; x_wconf 84' lang='lat' dir='ltr'>ex</span> <span class='ocrx_word' id='word_1_127' title='bbox 1580 1064 1625 1088; x_wconf 89' lang='lat' dir='ltr'>u·</span> 
     </span>
     <span class='ocr_line' id='line_1_15' title="bbox 76 1103 1625 1159; baseline -0.002 -12"><span class='ocrx_word' id='word_1_128' title='bbox 76 1110 278 1155; x_wconf 86' lang='lat' dir='ltr'>nionibus,</span> <span class='ocrx_word' id='word_1_129' title='bbox 292 1111 359 1159; x_wconf 89' lang='lat' dir='ltr'>qui</span> <span class='ocrx_word' id='word_1_130' title='bbox 372 1114 530 1159; x_wconf 77' lang='lat' dir='ltr'>gemam</span> <span class='ocrx_word' id='word_1_131' title='bbox 543 1109 805 1153; x_wconf 88' lang='lat' dir='ltr'>circumstant,</span> <span class='ocrx_word' id='word_1_132' title='bbox 820 1107 1067 1158; x_wconf 87' lang='lat' dir='ltr'>conspicitur.</span> <span class='ocrx_word' id='word_1_133' title='bbox 1099 1108 1181 1146; x_wconf 80' lang='lat' dir='ltr'>Nisi</span> <span class='ocrx_word' id='word_1_134' title='bbox 1196 1105 1279 1144; x_wconf 71' lang='lat' dir='ltr'>fore</span> <span class='ocrx_word' id='word_1_135' title='bbox 1295 1103 1473 1157; x_wconf 84' lang='lat' dir='ltr'>Princeps</span> <span class='ocrx_word' id='word_1_136' title='bbox 1487 1119 1625 1156; x_wconf 87' lang='lat' dir='ltr'>quem-</span> 
     </span>
     <span class='ocr_line' id='line_1_16' title="bbox 77 1156 1628 1215; baseline -0.003 -12"><span class='ocrx_word' id='word_1_137' title='bbox 77 1166 296 1204; x_wconf 86' lang='lat' dir='ltr'>admodum</span> <span class='ocrx_word' id='word_1_138' title='bbox 306 1177 465 1215; x_wconf 82' lang='lat' dir='ltr'>gemma</span> <span class='ocrx_word' id='word_1_139' title='bbox 478 1165 544 1203; x_wconf 84' lang='lat' dir='ltr'>ista</span> <span class='ocrx_word' id='word_1_140' title='bbox 558 1167 701 1214; x_wconf 90' lang='lat' dir='ltr'>precio,</span> <span class='ocrx_word' id='word_1_141' title='bbox 716 1165 916 1214; x_wconf 80' lang='lat' dir='ltr'>dignitate,</span> <span class='ocrx_word' id='word_1_142' title='bbox 931 1165 1124 1214; x_wconf 79' lang='lat' dir='ltr'>elegantia</span> <span class='ocrx_word' id='word_1_143' title='bbox 1145 1166 1181 1200; x_wconf 66' lang='grc' dir='ltr'>ὃς</span> <span class='ocrx_word' id='word_1_144' title='bbox 1204 1156 1496 1211; x_wconf 82' lang='lat' dir='ltr'>pulchritudine</span> <span class='ocrx_word' id='word_1_145' title='bbox 1508 1162 1628 1200; x_wconf 84' lang='lat' dir='ltr'>instar</span> 
     </span>
     <span class='ocr_line' id='line_1_17' title="bbox 80 1217 1627 1267; baseline -0.001 -9"><span class='ocrx_word' id='word_1_146' title='bbox 80 1223 266 1265; x_wconf 86' lang='lat' dir='ltr'>omnium</span> <span class='ocrx_word' id='word_1_147' title='bbox 281 1222 482 1267; x_wconf 87' lang='lat' dir='ltr'>unionum</span> <span class='ocrx_word' id='word_1_148' title='bbox 494 1221 565 1260; x_wconf 82' lang='lat' dir='ltr'>est:</span> <span class='ocrx_word' id='word_1_149' title='bbox 591 1223 649 1258; x_wconf 84' lang='lat' dir='ltr'>Ita</span> <span class='ocrx_word' id='word_1_150' title='bbox 661 1222 778 1267; x_wconf 84' lang='lat' dir='ltr'>etiam</span> <span class='ocrx_word' id='word_1_151' title='bbox 792 1219 826 1257; x_wconf 86' lang='lat' dir='ltr'>se</span> <span class='ocrx_word' id='word_1_152' title='bbox 862 1221 928 1257; x_wconf 91' lang='lat' dir='ltr'>IN</span> <span class='ocrx_word' id='word_1_153' title='bbox 944 1220 967 1257; x_wconf 91' lang='lat' dir='ltr'>S</span> <span class='ocrx_word' id='word_1_154' title='bbox 982 1219 1059 1256; x_wconf 82' lang='lat' dir='ltr'>TA</span> <span class='ocrx_word' id='word_1_155' title='bbox 1073 1220 1110 1256; x_wconf 80' lang='lat' dir='ltr'>R</span> <span class='ocrx_word' id='word_1_156' title='bbox 1145 1220 1184 1255; x_wconf 93' lang='lat' dir='ltr'>O</span> <span class='ocrx_word' id='word_1_157' title='bbox 1196 1219 1241 1255; x_wconf 93' lang='lat' dir='ltr'>M</span> <span class='ocrx_word' id='word_1_158' title='bbox 1255 1220 1289 1256; x_wconf 92' lang='lat' dir='ltr'>N</span> <span class='ocrx_word' id='word_1_159' title='bbox 1309 1219 1325 1255; x_wconf 90' lang='lat'>1</span> <span class='ocrx_word' id='word_1_160' title='bbox 1339 1218 1376 1255; x_wconf 94' lang='lat' dir='ltr'>V</span> <span class='ocrx_word' id='word_1_161' title='bbox 1389 1218 1432 1255; x_wconf 92' lang='lat' dir='ltr'>M</span> <span class='ocrx_word' id='word_1_162' title='bbox 1462 1217 1627 1256; x_wconf 85' lang='lat' dir='ltr'>suorum</span> 
     </span>
     <span class='ocr_line' id='line_1_18' title="bbox 77 1272 1628 1325; baseline -0.003 -11"><span class='ocrx_word' id='word_1_163' title='bbox 77 1275 278 1315; x_wconf 72' lang='lat' dir='ltr'>subditorsi</span> <span class='ocrx_word' id='word_1_164' title='bbox 291 1275 361 1314; x_wconf 81' lang='lat' dir='ltr'>css&#39;e</span> <span class='ocrx_word' id='word_1_165' title='bbox 376 1278 531 1317; x_wconf 79' lang='lat' dir='ltr'>innuat.</span> <span class='ocrx_word' id='word_1_166' title='bbox 593 1277 773 1325; x_wconf 83' lang='lat' dir='ltr'>Princeps</span> <span class='ocrx_word' id='word_1_167' title='bbox 795 1277 904 1313; x_wconf 88' lang='lat' dir='ltr'>enim</span> <span class='ocrx_word' id='word_1_168' title='bbox 916 1284 1032 1324; x_wconf 85' lang='lat' dir='ltr'>caput</span> <span class='ocrx_word' id='word_1_169' title='bbox 1042 1274 1093 1311; x_wconf 90' lang='lat' dir='ltr'>est</span> <span class='ocrx_word' id='word_1_170' title='bbox 1104 1276 1194 1323; x_wconf 89' lang='lat' dir='ltr'>reip.</span> <span class='ocrx_word' id='word_1_171' title='bbox 1207 1275 1245 1311; x_wconf 88' lang='lat'>&amp;</span> <span class='ocrx_word' id='word_1_172' title='bbox 1259 1273 1352 1311; x_wconf 87' lang='lat' dir='ltr'>ficut</span> <span class='ocrx_word' id='word_1_173' title='bbox 1365 1272 1387 1310; x_wconf 73' lang='grc' dir='ltr'>ὲ</span> <span class='ocrx_word' id='word_1_174' title='bbox 1402 1274 1628 1322; x_wconf 79' lang='lat' dir='ltr'>capitenon</span> 
     </span>
     <span class='ocr_line' id='line_1_19' title="bbox 76 1328 1628 1379; baseline -0.003 -9"><span class='ocrx_word' id='word_1_175' title='bbox 76 1332 207 1371; x_wconf 75' lang='lat' dir='ltr'>solum</span> <span class='ocrx_word' id='word_1_176' title='bbox 226 1344 358 1376; x_wconf 86' lang='lat' dir='ltr'>motus</span> <span class='ocrx_word' id='word_1_177' title='bbox 376 1333 563 1369; x_wconf 88' lang='lat' dir='ltr'>omnium</span> <span class='ocrx_word' id='word_1_178' title='bbox 576 1332 789 1375; x_wconf 90' lang='lat' dir='ltr'>membror,</span> <span class='ocrx_word' id='word_1_179' title='bbox 811 1331 872 1368; x_wconf 92' lang='lat' dir='ltr'>sed</span> <span class='ocrx_word' id='word_1_180' title='bbox 885 1332 1002 1368; x_wconf 81' lang='lat' dir='ltr'>etiam</span> <span class='ocrx_word' id='word_1_181' title='bbox 1018 1329 1147 1367; x_wconf 86' lang='lat' dir='ltr'>sensus</span> <span class='ocrx_word' id='word_1_182' title='bbox 1163 1331 1361 1379; x_wconf 83' lang='lat' dir='ltr'>provenit:</span> <span class='ocrx_word' id='word_1_183' title='bbox 1384 1331 1433 1366; x_wconf 85' lang='lat' dir='ltr'>ita</span> <span class='ocrx_word' id='word_1_184' title='bbox 1447 1328 1469 1366; x_wconf 74' lang='grc' dir='ltr'>ὲ</span> <span class='ocrx_word' id='word_1_185' title='bbox 1485 1330 1628 1377; x_wconf 87' lang='lat' dir='ltr'>princi-</span> 
     </span>
     <span class='ocr_line' id='line_1_20' title="bbox 75 1378 1630 1439; baseline -0.003 -13"><span class='ocrx_word' id='word_1_186' title='bbox 75 1401 124 1439; x_wconf 87' lang='lat' dir='ltr'>pe</span> <span class='ocrx_word' id='word_1_187' title='bbox 137 1388 237 1426; x_wconf 85' lang='lat' dir='ltr'>salus</span> <span class='ocrx_word' id='word_1_188' title='bbox 253 1390 290 1433; x_wconf 77' lang='grc' dir='ltr'>ὃς</span> <span class='ocrx_word' id='word_1_189' title='bbox 310 1388 492 1425; x_wconf 85' lang='lat' dir='ltr'>foelicitas</span> <span class='ocrx_word' id='word_1_190' title='bbox 505 1388 641 1437; x_wconf 92' lang='lat' dir='ltr'>populi</span> <span class='ocrx_word' id='word_1_191' title='bbox 657 1386 926 1437; x_wconf 80' lang='lat' dir='ltr'>proficiscitur3</span> <span class='ocrx_word' id='word_1_192' title='bbox 950 1397 989 1423; x_wconf 89' lang='lat' dir='ltr'>ut</span> <span class='ocrx_word' id='word_1_193' title='bbox 1002 1383 1103 1423; x_wconf 67' lang='lat' dir='ltr'>reste</span> <span class='ocrx_word' id='word_1_194' title='bbox 1117 1386 1298 1434; x_wconf 89' lang='lat' dir='ltr'>Princeps</span> <span class='ocrx_word' id='word_1_195' title='bbox 1314 1384 1350 1422; x_wconf 88' lang='lat' dir='ltr'>se</span> <span class='ocrx_word' id='word_1_196' title='bbox 1367 1386 1431 1422; x_wconf 91' lang='lat' dir='ltr'>IN</span> <span class='ocrx_word' id='word_1_197' title='bbox 1448 1385 1472 1422; x_wconf 89' lang='lat' dir='ltr'>S</span> <span class='ocrx_word' id='word_1_198' title='bbox 1486 1378 1521 1422; x_wconf 87' lang='lat' dir='ltr'>T</span> <span class='ocrx_word' id='word_1_199' title='bbox 1535 1385 1573 1421; x_wconf 91' lang='lat' dir='ltr'>A</span> <span class='ocrx_word' id='word_1_200' title='bbox 1589 1385 1630 1422; x_wconf 80' lang='lat' dir='ltr'>R</span> 
     </span>
     <span class='ocr_line' id='line_1_21' title="bbox 79 1439 1630 1491; baseline -0.004 -9"><span class='ocrx_word' id='word_1_201' title='bbox 79 1445 118 1482; x_wconf 88' lang='grc' dir='ltr'>Ο</span> <span class='ocrx_word' id='word_1_202' title='bbox 133 1445 177 1481; x_wconf 83' lang='grc' dir='ltr'><strong>Μ</strong></span> <span class='ocrx_word' id='word_1_203' title='bbox 193 1444 230 1482; x_wconf 91' lang='lat' dir='ltr'>N</span> <span class='ocrx_word' id='word_1_204' title='bbox 246 1445 261 1481; x_wconf 89' lang='lat'>1</span> <span class='ocrx_word' id='word_1_205' title='bbox 275 1444 312 1482; x_wconf 79' lang='lat' dir='ltr'>V</span> <span class='ocrx_word' id='word_1_206' title='bbox 327 1445 386 1487; x_wconf 92' lang='lat' dir='ltr'>M,</span> <span class='ocrx_word' id='word_1_207' title='bbox 422 1442 444 1489; x_wconf 61' lang='lat' dir='ltr'>a</span> <span class='ocrx_word' id='word_1_208' title='bbox 459 1456 542 1491; x_wconf 93' lang='lat' dir='ltr'>quo</span> <span class='ocrx_word' id='word_1_209' title='bbox 557 1443 657 1481; x_wconf 84' lang='lat' dir='ltr'>salus</span> <span class='ocrx_word' id='word_1_210' title='bbox 672 1445 710 1481; x_wconf 72' lang='grc' dir='ltr'>ὅ(</span> <span class='ocrx_word' id='word_1_211' title='bbox 723 1443 905 1481; x_wconf 82' lang='lat' dir='ltr'>foelicitas</span> <span class='ocrx_word' id='word_1_212' title='bbox 921 1443 1107 1479; x_wconf 89' lang='lat' dir='ltr'>omnium</span> <span class='ocrx_word' id='word_1_213' title='bbox 1132 1441 1337 1489; x_wconf 86' lang='lat' dir='ltr'>dependet,</span> <span class='ocrx_word' id='word_1_214' title='bbox 1352 1440 1479 1477; x_wconf 86' lang='lat' dir='ltr'>dicere</span> <span class='ocrx_word' id='word_1_215' title='bbox 1496 1439 1630 1490; x_wconf 87' lang='lat' dir='ltr'>possit:</span> 
     </span>
     <span class='ocr_line' id='line_1_22' title="bbox 76 1496 1630 1547; baseline -0.002 -10"><span class='ocrx_word' id='word_1_216' title='bbox 76 1500 151 1541; x_wconf 87' lang='lat' dir='ltr'>Sed</span> <span class='ocrx_word' id='word_1_217' title='bbox 164 1498 336 1537; x_wconf 81' lang='lat' dir='ltr'>fortassis</span> <span class='ocrx_word' id='word_1_218' title='bbox 347 1511 499 1537; x_wconf 87' lang='lat' dir='ltr'>corona</span> <span class='ocrx_word' id='word_1_219' title='bbox 513 1498 606 1543; x_wconf 83' lang='lat' dir='ltr'>haec,</span> <span class='ocrx_word' id='word_1_220' title='bbox 623 1511 708 1547; x_wconf 81' lang='lat' dir='ltr'>quae</span> <span class='ocrx_word' id='word_1_221' title='bbox 719 1499 884 1536; x_wconf 90' lang='lat' dir='ltr'>ducibus</span> <span class='ocrx_word' id='word_1_222' title='bbox 898 1499 1187 1534; x_wconf 89' lang='lat' dir='ltr'>Romanorum</span> <span class='ocrx_word' id='word_1_223' title='bbox 1211 1496 1547 1544; x_wconf 83' lang='lat' dir='ltr'>triumphantibus</span> <span class='ocrx_word' id='word_1_224' title='bbox 1561 1496 1630 1534; x_wconf 80' lang='lat' dir='ltr'>da-</span> 
     </span>
     <span class='ocr_line' id='line_1_23' title="bbox 77 1551 1630 1602; baseline -0.003 -9"><span class='ocrx_word' id='word_1_225' title='bbox 77 1556 205 1600; x_wconf 90' lang='lat' dir='ltr'>batur,</span> <span class='ocrx_word' id='word_1_226' title='bbox 219 1566 264 1593; x_wconf 83' lang='lat' dir='ltr'>ex</span> <span class='ocrx_word' id='word_1_227' title='bbox 280 1556 377 1592; x_wconf 90' lang='lat' dir='ltr'>lauri</span> <span class='ocrx_word' id='word_1_228' title='bbox 389 1555 510 1602; x_wconf 79' lang='lat' dir='ltr'>folijS,</span> <span class='ocrx_word' id='word_1_229' title='bbox 523 1555 614 1592; x_wconf 89' lang='lat' dir='ltr'>huic</span> <span class='ocrx_word' id='word_1_230' title='bbox 628 1555 732 1597; x_wconf 83' lang='lat' dir='ltr'>Duci</span> <span class='ocrx_word' id='word_1_231' title='bbox 762 1556 778 1592; x_wconf 93' lang='lat'>1</span> <span class='ocrx_word' id='word_1_232' title='bbox 797 1555 834 1591; x_wconf 93' lang='lat' dir='ltr'>N</span> <span class='ocrx_word' id='word_1_233' title='bbox 850 1554 873 1590; x_wconf 92' lang='lat' dir='ltr'>S</span> <span class='ocrx_word' id='word_1_234' title='bbox 887 1552 972 1599; x_wconf 80' lang='lat' dir='ltr'>TA</span> <span class='ocrx_word' id='word_1_235' title='bbox 988 1554 1025 1589; x_wconf 86' lang='lat' dir='ltr'>R</span> <span class='ocrx_word' id='word_1_236' title='bbox 1057 1553 1095 1589; x_wconf 94' lang='lat' dir='ltr'>O</span> <span class='ocrx_word' id='word_1_237' title='bbox 1111 1553 1153 1590; x_wconf 81' lang='lat' dir='ltr'>M</span> <span class='ocrx_word' id='word_1_238' title='bbox 1168 1553 1204 1589; x_wconf 87' lang='lat' dir='ltr'>N</span> <span class='ocrx_word' id='word_1_239' title='bbox 1222 1553 1237 1588; x_wconf 94' lang='lat' dir='ltr'>I</span> <span class='ocrx_word' id='word_1_240' title='bbox 1255 1553 1292 1588; x_wconf 93' lang='lat' dir='ltr'>V</span> <span class='ocrx_word' id='word_1_241' title='bbox 1308 1553 1351 1589; x_wconf 88' lang='lat' dir='ltr'>M</span> <span class='ocrx_word' id='word_1_242' title='bbox 1388 1553 1554 1589; x_wconf 87' lang='lat' dir='ltr'>aliarum</span> <span class='ocrx_word' id='word_1_243' title='bbox 1567 1551 1630 1588; x_wconf 88' lang='lat' dir='ltr'>est:</span> 
     </span>
     <span class='ocr_line' id='line_1_24' title="bbox 79 1607 1630 1658; baseline -0.004 -9"><span class='ocrx_word' id='word_1_244' title='bbox 79 1611 241 1650; x_wconf 85' lang='lat' dir='ltr'>Solebat</span> <span class='ocrx_word' id='word_1_245' title='bbox 250 1611 356 1648; x_wconf 90' lang='lat' dir='ltr'>enim</span> <span class='ocrx_word' id='word_1_246' title='bbox 366 1611 450 1648; x_wconf 85' lang='lat' dir='ltr'>dari</span> <span class='ocrx_word' id='word_1_247' title='bbox 462 1608 732 1654; x_wconf 84' lang='lat' dir='ltr'>obsidionalis,</span> <span class='ocrx_word' id='word_1_248' title='bbox 748 1610 851 1657; x_wconf 76' lang='lat' dir='ltr'>Duci</span> <span class='ocrx_word' id='word_1_249' title='bbox 866 1607 1114 1654; x_wconf 85' lang='lat' dir='ltr'>obsidionem</span> <span class='ocrx_word' id='word_1_250' title='bbox 1130 1607 1235 1658; x_wconf 87' lang='lat' dir='ltr'>passo</span> <span class='ocrx_word' id='word_1_251' title='bbox 1250 1622 1258 1644; x_wconf 91' lang='lat'>:</span> <span class='ocrx_word' id='word_1_252' title='bbox 1274 1607 1427 1651; x_wconf 80' lang='lat' dir='ltr'>Civilis,</span> <span class='ocrx_word' id='word_1_253' title='bbox 1443 1609 1571 1645; x_wconf 87' lang='lat' dir='ltr'>civem</span> <span class='ocrx_word' id='word_1_254' title='bbox 1585 1607 1630 1643; x_wconf 81' lang='lat' dir='ltr'>li·</span> 
     </span>
     <span class='ocr_line' id='line_1_25' title="bbox 76 1663 1628 1716; baseline -0.004 -11"><span class='ocrx_word' id='word_1_255' title='bbox 76 1667 247 1705; x_wconf 88' lang='lat' dir='ltr'>beranti:</span> <span class='ocrx_word' id='word_1_256' title='bbox 262 1667 438 1710; x_wconf 88' lang='lat' dir='ltr'>muralis,</span> <span class='ocrx_word' id='word_1_257' title='bbox 455 1663 584 1716; x_wconf 76' lang='lat' dir='ltr'>primo</span> <span class='ocrx_word' id='word_1_258' title='bbox 598 1678 758 1704; x_wconf 91' lang='lat' dir='ltr'>murum</span> <span class='ocrx_word' id='word_1_259' title='bbox 774 1665 997 1703; x_wconf 79' lang='lat' dir='ltr'>scandenti:</span> <span class='ocrx_word' id='word_1_260' title='bbox 1025 1663 1246 1707; x_wconf 85' lang='lat' dir='ltr'>Castrensis,</span> <span class='ocrx_word' id='word_1_261' title='bbox 1263 1663 1381 1700; x_wconf 77' lang='lat' dir='ltr'>castra</span> <span class='ocrx_word' id='word_1_262' title='bbox 1395 1663 1628 1712; x_wconf 88' lang='lat' dir='ltr'>occupanti:</span> 
     </span>
     <span class='ocr_line' id='line_1_26' title="bbox 79 1719 1631 1772; baseline -0.005 -11"><span class='ocrx_word' id='word_1_263' title='bbox 79 1725 118 1762; x_wconf 88' lang='lat'>&amp;</span> <span class='ocrx_word' id='word_1_264' title='bbox 133 1722 297 1767; x_wconf 81' lang='lat' dir='ltr'>navalis,</span> <span class='ocrx_word' id='word_1_265' title='bbox 314 1720 445 1772; x_wconf 79' lang='lat' dir='ltr'>primo</span> <span class='ocrx_word' id='word_1_266' title='bbox 455 1735 596 1760; x_wconf 90' lang='lat' dir='ltr'>navem</span> <span class='ocrx_word' id='word_1_267' title='bbox 610 1722 812 1760; x_wconf 87' lang='lat' dir='ltr'>insilienti:</span> <span class='ocrx_word' id='word_1_268' title='bbox 872 1721 944 1758; x_wconf 90' lang='lat' dir='ltr'>Sed</span> <span class='ocrx_word' id='word_1_269' title='bbox 956 1720 1206 1769; x_wconf 87' lang='lat' dir='ltr'>triumphalis</span> <span class='ocrx_word' id='word_1_270' title='bbox 1219 1730 1376 1756; x_wconf 84' lang='lat' dir='ltr'>tantum</span> <span class='ocrx_word' id='word_1_271' title='bbox 1400 1720 1491 1756; x_wconf 90' lang='lat' dir='ltr'>duci</span> <span class='ocrx_word' id='word_1_272' title='bbox 1507 1719 1631 1755; x_wconf 90' lang='lat' dir='ltr'>totius</span> 
     </span>
     <span class='ocr_line' id='line_1_27' title="bbox 79 1776 1634 1828; baseline -0.003 -11"><span class='ocrx_word' id='word_1_273' title='bbox 79 1780 355 1828; x_wconf 86' lang='lat' dir='ltr'>exercitus,qui</span> <span class='ocrx_word' id='word_1_274' title='bbox 368 1779 573 1819; x_wconf 71' lang='lat' dir='ltr'>victoriam</span> <span class='ocrx_word' id='word_1_275' title='bbox 586 1777 811 1817; x_wconf 69' lang='lat' dir='ltr'>obtinuisset</span> <span class='ocrx_word' id='word_1_276' title='bbox 825 1792 833 1816; x_wconf 88' lang='lat'>:</span> <span class='ocrx_word' id='word_1_277' title='bbox 856 1777 910 1815; x_wconf 90' lang='lat' dir='ltr'>Vt</span> <span class='ocrx_word' id='word_1_278' title='bbox 922 1779 1032 1813; x_wconf 87' lang='lat' dir='ltr'>enim</span> <span class='ocrx_word' id='word_1_279' title='bbox 1045 1777 1111 1813; x_wconf 87' lang='lat' dir='ltr'>ille</span> <span class='ocrx_word' id='word_1_280' title='bbox 1125 1785 1241 1824; x_wconf 87' lang='lat' dir='ltr'>caput</span> <span class='ocrx_word' id='word_1_281' title='bbox 1253 1776 1428 1812; x_wconf 86' lang='lat' dir='ltr'>mil-itum</span> <span class='ocrx_word' id='word_1_282' title='bbox 1444 1776 1634 1812; x_wconf 86' lang='lat' dir='ltr'>omnium</span> 
     </span>
     <span class='ocr_line' id='line_1_28' title="bbox 80 1829 1633 1883; baseline -0.004 -11"><span class='ocrx_word' id='word_1_283' title='bbox 80 1836 119 1873; x_wconf 75' lang='grc' dir='ltr'>ὅ(</span> <span class='ocrx_word' id='word_1_284' title='bbox 132 1836 321 1872; x_wconf 87' lang='lat' dir='ltr'>exercitus</span> <span class='ocrx_word' id='word_1_285' title='bbox 332 1834 452 1878; x_wconf 87' lang='lat' dir='ltr'>est,ita</span> <span class='ocrx_word' id='word_1_286' title='bbox 467 1836 505 1872; x_wconf 71' lang='grc' dir='ltr'>ὅ(</span> <span class='ocrx_word' id='word_1_287' title='bbox 519 1846 671 1872; x_wconf 84' lang='lat' dir='ltr'>corona</span> <span class='ocrx_word' id='word_1_288' title='bbox 686 1833 752 1883; x_wconf 85' lang='lat' dir='ltr'>ipfi</span> <span class='ocrx_word' id='word_1_289' title='bbox 766 1835 871 1877; x_wconf 88' lang='lat' dir='ltr'>data,</span> <span class='ocrx_word' id='word_1_290' title='bbox 906 1833 972 1870; x_wconf 91' lang='lat' dir='ltr'>IN</span> <span class='ocrx_word' id='word_1_291' title='bbox 985 1833 1009 1880; x_wconf 82' lang='lat' dir='ltr'>S</span> <span class='ocrx_word' id='word_1_292' title='bbox 1023 1833 1058 1868; x_wconf 93' lang='lat' dir='ltr'>T</span> <span class='ocrx_word' id='word_1_293' title='bbox 1071 1831 1111 1870; x_wconf 89' lang='lat' dir='ltr'>A</span> <span class='ocrx_word' id='word_1_294' title='bbox 1127 1833 1163 1869; x_wconf 89' lang='lat' dir='ltr'>R</span> <span class='ocrx_word' id='word_1_295' title='bbox 1192 1831 1359 1868; x_wconf 85' lang='lat' dir='ltr'>aliarum</span> <span class='ocrx_word' id='word_1_296' title='bbox 1390 1829 1633 1868; x_wconf 86' lang='lat' dir='ltr'>OMNIVM</span> 
     </span>
     <span class='ocr_line' id='line_1_29' title="bbox 79 1885 1633 1940; baseline -0.004 -12"><span class='ocrx_word' id='word_1_297' title='bbox 79 1889 151 1928; x_wconf 83' lang='lat' dir='ltr'>effe</span> <span class='ocrx_word' id='word_1_298' title='bbox 160 1890 285 1928; x_wconf 86' lang='lat' dir='ltr'>debet.</span> <span class='ocrx_word' id='word_1_299' title='bbox 342 1891 537 1939; x_wconf 87' lang='lat' dir='ltr'>Principes</span> <span class='ocrx_word' id='word_1_300' title='bbox 551 1892 682 1940; x_wconf 87' lang='lat' dir='ltr'>itaque</span> <span class='ocrx_word' id='word_1_301' title='bbox 695 1889 837 1935; x_wconf 64' lang='lat' dir='ltr'>rectius</span> <span class='ocrx_word' id='word_1_302' title='bbox 860 1892 1029 1937; x_wconf 87' lang='lat' dir='ltr'>majora,</span> <span class='ocrx_word' id='word_1_303' title='bbox 1044 1885 1184 1937; x_wconf 61' lang='lat' dir='ltr'>eaque,</span> <span class='ocrx_word' id='word_1_304' title='bbox 1199 1899 1286 1936; x_wconf 72' lang='lat' dir='ltr'>qua:</span> <span class='ocrx_word' id='word_1_305' title='bbox 1305 1896 1436 1924; x_wconf 83' lang='lat' dir='ltr'>caetera</span> <span class='ocrx_word' id='word_1_306' title='bbox 1450 1897 1633 1936; x_wconf 85' lang='lat' dir='ltr'>compte-</span> 
     </span>
     <span class='ocr_line' id='line_1_30' title="bbox 81 1944 730 1996; baseline -0.003 -12"><span class='ocrx_word' id='word_1_307' title='bbox 81 1945 275 1990; x_wconf 58' lang='lat' dir='ltr'>htndunn</span> <span class='ocrx_word' id='word_1_308' title='bbox 290 1944 412 1995; x_wconf 67' lang='lat' dir='ltr'>quam</span> <span class='ocrx_word' id='word_1_309' title='bbox 424 1946 563 1984; x_wconf 92' lang='lat' dir='ltr'>viliora</span> <span class='ocrx_word' id='word_1_310' title='bbox 579 1954 730 1996; x_wconf 87' lang='lat' dir='ltr'>petunt.</span> 
     </span>
    </p>
   </div>
   <div class='ocr_carea' id='block_1_5' title="bbox 218 2031 1497 2163">
    <p class='ocr_par' dir='ltr' id='par_1_5' title="bbox 218 2031 1497 2163">
     <span class='ocr_line' id='line_1_31' title="bbox 218 2031 1497 2088; baseline -0.008 -2"><span class='ocrx_word' id='word_1_311' title='bbox 218 2033 886 2088; x_wconf 85' lang='lat' dir='ltr'>RECONDUNTUR</span> <span class='ocrx_word' id='word_1_312' title='bbox 937 2031 1138 2083; x_wconf 74' lang='lat' dir='ltr'>vNON</span> <span class='ocrx_word' id='word_1_313' title='bbox 1188 2031 1497 2086; x_wconf 72' lang='lat' dir='ltr'>RETUN..</span> 
     </span>
     <span class='ocr_line' id='line_1_32' title="bbox 684 2126 1015 2163; baseline -0.015 0"><span class='ocrx_word' id='word_1_314' title='bbox 684 2131 716 2163; x_wconf 89' lang='lat' dir='ltr'>D</span> <span class='ocrx_word' id='word_1_315' title='bbox 741 2130 832 2162; x_wconf 82' lang='lat' dir='ltr'>UN</span> <span class='ocrx_word' id='word_1_316' title='bbox 856 2126 937 2160; x_wconf 85' lang='lat' dir='ltr'>Tu</span> <span class='ocrx_word' id='word_1_317' title='bbox 968 2128 1015 2161; x_wconf 76' lang='lat' dir='ltr'>R.</span> 
     </span>
    </p>
   </div>
   <div class='ocr_carea' id='block_1_6' title="bbox 80 2196 1644 2968">
    <p class='ocr_par' dir='ltr' id='par_1_6' title="bbox 80 2196 1644 2926">
     <span class='ocr_line' id='line_1_33' title="bbox 232 2196 1635 2255; baseline -0.006 -11"><span class='ocrx_word' id='word_1_318' title='bbox 232 2204 333 2244; x_wconf 86' lang='lat' dir='ltr'>Palo</span> <span class='ocrx_word' id='word_1_319' title='bbox 354 2218 463 2244; x_wconf 85' lang='lat' dir='ltr'>arma</span> <span class='ocrx_word' id='word_1_320' title='bbox 486 2203 665 2255; x_wconf 85' lang='lat' dir='ltr'>imposita</span> <span class='ocrx_word' id='word_1_321' title='bbox 679 2214 904 2248; x_wconf 89' lang='lat' dir='ltr'>cernuntur,</span> <span class='ocrx_word' id='word_1_322' title='bbox 938 2203 1067 2251; x_wconf 74' lang='lat' dir='ltr'>inquit</span> <span class='ocrx_word' id='word_1_323' title='bbox 1086 2201 1338 2252; x_wconf 87' lang='lat' dir='ltr'>Symbolum:</span> <span class='ocrx_word' id='word_1_324' title='bbox 1383 2201 1421 2237; x_wconf 80' lang='lat' dir='ltr'>R</span> <span class='ocrx_word' id='word_1_325' title='bbox 1435 2200 1463 2237; x_wconf 87' lang='lat' dir='ltr'>E</span> <span class='ocrx_word' id='word_1_326' title='bbox 1477 2196 1511 2235; x_wconf 91' lang='lat' dir='ltr'>C</span> <span class='ocrx_word' id='word_1_327' title='bbox 1525 2198 1562 2236; x_wconf 93' lang='lat' dir='ltr'>O</span> <span class='ocrx_word' id='word_1_328' title='bbox 1578 2197 1635 2235; x_wconf 90' lang='lat' dir='ltr'>N·</span> 
     </span>
     <span class='ocr_line' id='line_1_34' title="bbox 81 2257 1637 2301; baseline -0.007 0"><span class='ocrx_word' id='word_1_329' title='bbox 81 2261 378 2301; x_wconf 82' lang='lat' dir='ltr'>DVNTVR</span> <span class='ocrx_word' id='word_1_330' title='bbox 409 2264 448 2300; x_wconf 93' lang='lat' dir='ltr'>N</span> <span class='ocrx_word' id='word_1_331' title='bbox 466 2263 555 2299; x_wconf 83' lang='grc' dir='ltr'>ΟΝ</span> <span class='ocrx_word' id='word_1_332' title='bbox 595 2259 1082 2299; x_wconf 85' lang='lat' dir='ltr'>RETVNDVNTV</span> <span class='ocrx_word' id='word_1_333' title='bbox 1101 2260 1157 2295; x_wconf 82' lang='lat' dir='ltr'>R:</span> <span class='ocrx_word' id='word_1_334' title='bbox 1214 2257 1392 2294; x_wconf 86' lang='lat' dir='ltr'>Retundi</span> <span class='ocrx_word' id='word_1_335' title='bbox 1414 2257 1542 2298; x_wconf 89' lang='lat' dir='ltr'>enim,</span> <span class='ocrx_word' id='word_1_336' title='bbox 1569 2262 1637 2293; x_wconf 82' lang='lat' dir='ltr'>aut</span> 
     </span>
     <span class='ocr_line' id='line_1_35' title="bbox 82 2309 1637 2368; baseline -0.007 -12"><span class='ocrx_word' id='word_1_337' title='bbox 82 2318 226 2368; x_wconf 80' lang='lat' dir='ltr'>negligi</span> <span class='ocrx_word' id='word_1_338' title='bbox 244 2329 294 2360; x_wconf 87' lang='lat' dir='ltr'>ne</span> <span class='ocrx_word' id='word_1_339' title='bbox 308 2319 411 2366; x_wconf 86' lang='lat' dir='ltr'>pacis</span> <span class='ocrx_word' id='word_1_340' title='bbox 422 2318 542 2368; x_wconf 74' lang='lat' dir='ltr'>quide</span> <span class='ocrx_word' id='word_1_341' title='bbox 552 2326 729 2366; x_wconf 89' lang='lat' dir='ltr'>ternpore</span> <span class='ocrx_word' id='word_1_342' title='bbox 739 2317 895 2353; x_wconf 86' lang='lat' dir='ltr'>debent:</span> <span class='ocrx_word' id='word_1_343' title='bbox 911 2315 1118 2363; x_wconf 91' lang='lat' dir='ltr'>Opinione</span> <span class='ocrx_word' id='word_1_344' title='bbox 1129 2313 1319 2361; x_wconf 81' lang='lat' dir='ltr'>siquidem</span> <span class='ocrx_word' id='word_1_345' title='bbox 1332 2311 1441 2349; x_wconf 77' lang='lat' dir='ltr'>citius</span> <span class='ocrx_word' id='word_1_346' title='bbox 1454 2311 1547 2358; x_wconf 81' lang='lat' dir='ltr'>saepe</span> <span class='ocrx_word' id='word_1_347' title='bbox 1559 2309 1637 2346; x_wconf 86' lang='lat' dir='ltr'>bel-</span> 
     </span>
     <span class='ocr_line' id='line_1_36' title="bbox 81 2366 1639 2418; baseline -0.006 -6"><span class='ocrx_word' id='word_1_348' title='bbox 81 2374 119 2412; x_wconf 86' lang='lat' dir='ltr'>la</span> <span class='ocrx_word' id='word_1_349' title='bbox 133 2374 532 2416; x_wconf 86' lang='lat' dir='ltr'>oriuntur‚acincauti</span> <span class='ocrx_word' id='word_1_350' title='bbox 543 2375 580 2411; x_wconf 76' lang='grc' dir='ltr'>ὅ(</span> <span class='ocrx_word' id='word_1_351' title='bbox 593 2372 671 2410; x_wconf 86' lang='lat' dir='ltr'>fine</span> <span class='ocrx_word' id='word_1_352' title='bbox 685 2374 804 2410; x_wconf 86' lang='lat' dir='ltr'>armis</span> <span class='ocrx_word' id='word_1_353' title='bbox 829 2368 944 2408; x_wconf 70' lang='lat' dir='ltr'>facile</span> <span class='ocrx_word' id='word_1_354' title='bbox 955 2369 1192 2418; x_wconf 85' lang='lat' dir='ltr'>superantur.</span> <span class='ocrx_word' id='word_1_355' title='bbox 1264 2368 1477 2406; x_wconf 88' lang='lat' dir='ltr'>Prudentes</span> <span class='ocrx_word' id='word_1_356' title='bbox 1496 2366 1639 2415; x_wconf 88' lang='lat' dir='ltr'>princi·</span> 
     </span>
     <span class='ocr_line' id='line_1_37' title="bbox 82 2421 1639 2481; baseline -0.006 -14"><span class='ocrx_word' id='word_1_357' title='bbox 82 2441 149 2481; x_wconf 83' lang='lat' dir='ltr'>pes</span> <span class='ocrx_word' id='word_1_358' title='bbox 172 2439 348 2478; x_wconf 90' lang='lat' dir='ltr'>tempore</span> <span class='ocrx_word' id='word_1_359' title='bbox 371 2430 474 2478; x_wconf 87' lang='lat' dir='ltr'>pacis</span> <span class='ocrx_word' id='word_1_360' title='bbox 498 2430 676 2479; x_wconf 81' lang='lat' dir='ltr'>cogitant</span> <span class='ocrx_word' id='word_1_361' title='bbox 696 2428 745 2465; x_wconf 90' lang='lat' dir='ltr'>de</span> <span class='ocrx_word' id='word_1_362' title='bbox 769 2427 876 2464; x_wconf 91' lang='lat' dir='ltr'>bello</span> <span class='ocrx_word' id='word_1_363' title='bbox 895 2454 905 2470; x_wconf 90' lang='lat'>‚</span> <span class='ocrx_word' id='word_1_364' title='bbox 926 2437 971 2463; x_wconf 91' lang='lat' dir='ltr'>ac</span> <span class='ocrx_word' id='word_1_365' title='bbox 985 2426 1036 2462; x_wconf 91' lang='lat' dir='ltr'>ita</span> <span class='ocrx_word' id='word_1_366' title='bbox 1050 2427 1189 2462; x_wconf 87' lang='lat' dir='ltr'>omnia</span> <span class='ocrx_word' id='word_1_367' title='bbox 1202 2434 1353 2473; x_wconf 76' lang='lat' dir='ltr'>parant,</span> <span class='ocrx_word' id='word_1_368' title='bbox 1370 2433 1411 2460; x_wconf 92' lang='lat' dir='ltr'>ut</span> <span class='ocrx_word' id='word_1_369' title='bbox 1426 2432 1512 2460; x_wconf 89' lang='lat' dir='ltr'>orto</span> <span class='ocrx_word' id='word_1_370' title='bbox 1532 2421 1639 2458; x_wconf 86' lang='lat' dir='ltr'>bello</span> 
     </span>
     <span class='ocr_line' id='line_1_38' title="bbox 84 2476 1638 2534; baseline -0.006 -11"><span class='ocrx_word' id='word_1_371' title='bbox 84 2483 288 2534; x_wconf 80' lang='lat' dir='ltr'>externplo</span> <span class='ocrx_word' id='word_1_372' title='bbox 304 2487 438 2534; x_wconf 82' lang='lat' dir='ltr'>parati,</span> <span class='ocrx_word' id='word_1_373' title='bbox 455 2484 669 2530; x_wconf 71' lang='lat' dir='ltr'>necessariis</span> <span class='ocrx_word' id='word_1_374' title='bbox 679 2483 868 2520; x_wconf 86' lang='lat' dir='ltr'>omnibus</span> <span class='ocrx_word' id='word_1_375' title='bbox 882 2481 964 2518; x_wconf 86' lang='lat' dir='ltr'>sint:</span> <span class='ocrx_word' id='word_1_376' title='bbox 1024 2480 1258 2528; x_wconf 87' lang='lat' dir='ltr'>Exemplum</span> <span class='ocrx_word' id='word_1_377' title='bbox 1271 2479 1484 2528; x_wconf 82' lang='lat' dir='ltr'>prudentiae</span> <span class='ocrx_word' id='word_1_378' title='bbox 1500 2476 1638 2525; x_wconf 77' lang='lat' dir='ltr'>praebet</span> 
     </span>
     <span class='ocr_line' id='line_1_39' title="bbox 84 2536 1639 2590; baseline -0.007 -11"><span class='ocrx_word' id='word_1_379' title='bbox 84 2540 260 2590; x_wconf 84' lang='lat' dir='ltr'>Respub.</span> <span class='ocrx_word' id='word_1_380' title='bbox 276 2541 441 2584; x_wconf 83' lang='lat' dir='ltr'>Veneta,</span> <span class='ocrx_word' id='word_1_381' title='bbox 457 2539 574 2589; x_wconf 71' lang='lat' dir='ltr'>quaea</span> <span class='ocrx_word' id='word_1_382' title='bbox 590 2539 722 2576; x_wconf 90' lang='lat' dir='ltr'>multis</span> <span class='ocrx_word' id='word_1_383' title='bbox 744 2539 860 2575; x_wconf 89' lang='lat' dir='ltr'>annis</span> <span class='ocrx_word' id='word_1_384' title='bbox 875 2537 1229 2574; x_wconf 85' lang='lat' dir='ltr'>armamentarium</span> <span class='ocrx_word' id='word_1_385' title='bbox 1257 2536 1557 2577; x_wconf 82' lang='lat' dir='ltr'>celeberrimum</span> <span class='ocrx_word' id='word_1_386' title='bbox 1578 2541 1639 2567; x_wconf 89' lang='lat' dir='ltr'>to-</span> 
     </span>
     <span class='ocr_line' id='line_1_40' title="bbox 80 2586 1641 2646; baseline -0.007 -11"><span class='ocrx_word' id='word_1_387' title='bbox 80 2600 160 2634; x_wconf 85' lang='lat' dir='ltr'>tius</span> <span class='ocrx_word' id='word_1_388' title='bbox 176 2598 390 2646; x_wconf 82' lang='lat' dir='ltr'>Europaein</span> <span class='ocrx_word' id='word_1_389' title='bbox 408 2595 730 2645; x_wconf 88' lang='lat' dir='ltr'>promptu,omni</span> <span class='ocrx_word' id='word_1_390' title='bbox 745 2604 952 2631; x_wconf 87' lang='lat' dir='ltr'>armorum</span> <span class='ocrx_word' id='word_1_391' title='bbox 971 2603 1111 2641; x_wconf 83' lang='lat' dir='ltr'>genere</span> <span class='ocrx_word' id='word_1_392' title='bbox 1125 2590 1309 2628; x_wconf 63' lang='lat' dir='ltr'>instructi]</span> <span class='ocrx_word' id='word_1_393' title='bbox 1324 2590 1449 2627; x_wconf 80' lang='lat' dir='ltr'>habet.</span> <span class='ocrx_word' id='word_1_394' title='bbox 1489 2586 1641 2626; x_wconf 80' lang='lat' dir='ltr'>Verum</span> 
     </span>
     <span class='ocr_line' id='line_1_41' title="bbox 88 2643 1640 2700; baseline -0.005 -10"><span class='ocrx_word' id='word_1_395' title='bbox 88 2664 173 2691; x_wconf 90' lang='lat' dir='ltr'>non</span> <span class='ocrx_word' id='word_1_396' title='bbox 188 2651 318 2690; x_wconf 79' lang='lat' dir='ltr'>solum</span> <span class='ocrx_word' id='word_1_397' title='bbox 334 2653 452 2694; x_wconf 85' lang='lat' dir='ltr'>armis</span> <span class='ocrx_word' id='word_1_398' title='bbox 467 2652 637 2700; x_wconf 87' lang='lat' dir='ltr'>prudens</span> <span class='ocrx_word' id='word_1_399' title='bbox 649 2651 842 2699; x_wconf 88' lang='lat' dir='ltr'>princeps,</span> <span class='ocrx_word' id='word_1_400' title='bbox 858 2649 962 2697; x_wconf 84' lang='lat' dir='ltr'>pacis</span> <span class='ocrx_word' id='word_1_401' title='bbox 984 2657 1177 2696; x_wconf 89' lang='lat' dir='ltr'>tempore,</span> <span class='ocrx_word' id='word_1_402' title='bbox 1201 2646 1269 2689; x_wconf 82' lang='lat' dir='ltr'>fibi</span> <span class='ocrx_word' id='word_1_403' title='bbox 1284 2644 1499 2695; x_wconf 88' lang='lat' dir='ltr'>prospicere</span> <span class='ocrx_word' id='word_1_404' title='bbox 1512 2643 1640 2685; x_wconf 79' lang='lat' dir='ltr'>debet,</span> 
     </span>
     <span class='ocr_line' id='line_1_42' title="bbox 84 2699 1641 2756; baseline -0.008 -10"><span class='ocrx_word' id='word_1_405' title='bbox 84 2708 147 2747; x_wconf 87' lang='lat' dir='ltr'>scd</span> <span class='ocrx_word' id='word_1_406' title='bbox 176 2707 380 2752; x_wconf 86' lang='lat' dir='ltr'>thesauris,</span> <span class='ocrx_word' id='word_1_407' title='bbox 406 2708 593 2756; x_wconf 69' lang='lat' dir='ltr'>pecuniis,</span> <span class='ocrx_word' id='word_1_408' title='bbox 610 2706 767 2756; x_wconf 89' lang='lat' dir='ltr'>opibus,</span> <span class='ocrx_word' id='word_1_409' title='bbox 783 2717 828 2742; x_wconf 84' lang='lat' dir='ltr'>ac</span> <span class='ocrx_word' id='word_1_410' title='bbox 839 2706 927 2741; x_wconf 91' lang='lat' dir='ltr'>viris</span> <span class='ocrx_word' id='word_1_411' title='bbox 948 2703 1135 2751; x_wconf 87' lang='lat' dir='ltr'>quibella</span> <span class='ocrx_word' id='word_1_412' title='bbox 1157 2714 1286 2752; x_wconf 85' lang='lat' dir='ltr'>gerere</span> <span class='ocrx_word' id='word_1_413' title='bbox 1309 2700 1476 2750; x_wconf 79' lang='lat' dir='ltr'>possint:</span> <span class='ocrx_word' id='word_1_414' title='bbox 1503 2699 1582 2735; x_wconf 85' lang='lat' dir='ltr'>haec</span> <span class='ocrx_word' id='word_1_415' title='bbox 1606 2709 1641 2733; x_wconf 84' lang='lat' dir='ltr'>e-</span> 
     </span>
     <span class='ocr_line' id='line_1_43' title="bbox 85 2752 1643 2811; baseline -0.008 -9"><span class='ocrx_word' id='word_1_416' title='bbox 85 2766 171 2802; x_wconf 92' lang='lat' dir='ltr'>nim</span> <span class='ocrx_word' id='word_1_417' title='bbox 186 2776 352 2802; x_wconf 88' lang='lat' dir='ltr'>nervum</span> <span class='ocrx_word' id='word_1_418' title='bbox 365 2763 648 2802; x_wconf 84' lang='lat' dir='ltr'>bellidicuutur</span> <span class='ocrx_word' id='word_1_419' title='bbox 663 2759 783 2811; x_wconf 80' lang='lat' dir='ltr'>vulgo</span> <span class='ocrx_word' id='word_1_420' title='bbox 796 2759 1041 2797; x_wconf 88' lang='lat' dir='ltr'>constituere.</span> <span class='ocrx_word' id='word_1_421' title='bbox 1065 2758 1175 2796; x_wconf 76' lang='lat' dir='ltr'>,Loca</span> <span class='ocrx_word' id='word_1_422' title='bbox 1187 2758 1319 2800; x_wconf 85' lang='lat' dir='ltr'>etiam,</span> <span class='ocrx_word' id='word_1_423' title='bbox 1335 2769 1420 2804; x_wconf 80' lang='lat' dir='ltr'>quae</span> <span class='ocrx_word' id='word_1_424' title='bbox 1434 2752 1643 2804; x_wconf 73' lang='lat' dir='ltr'>ingressum</span> 
     </span>
     <span class='ocr_line' id='line_1_44' title="bbox 86 2809 1642 2869; baseline -0.009 -12"><span class='ocrx_word' id='word_1_425' title='bbox 86 2821 294 2869; x_wconf 84' lang='lat' dir='ltr'>provinciae</span> <span class='ocrx_word' id='word_1_426' title='bbox 311 2820 517 2868; x_wconf 86' lang='lat' dir='ltr'>prohibere</span> <span class='ocrx_word' id='word_1_427' title='bbox 538 2817 637 2856; x_wconf 88' lang='lat' dir='ltr'>hosti</span> <span class='ocrx_word' id='word_1_428' title='bbox 651 2817 819 2867; x_wconf 82' lang='lat' dir='ltr'>poffunt,</span> <span class='ocrx_word' id='word_1_429' title='bbox 832 2826 1010 2864; x_wconf 89' lang='lat' dir='ltr'>tempore</span> <span class='ocrx_word' id='word_1_430' title='bbox 1029 2815 1142 2863; x_wconf 86' lang='lat' dir='ltr'>pacis,</span> <span class='ocrx_word' id='word_1_431' title='bbox 1161 2814 1308 2855; x_wconf 88' lang='lat' dir='ltr'>muniri</span> <span class='ocrx_word' id='word_1_432' title='bbox 1321 2812 1449 2853; x_wconf 87' lang='lat' dir='ltr'>vallis,</span> <span class='ocrx_word' id='word_1_433' title='bbox 1466 2809 1589 2850; x_wconf 80' lang='lat' dir='ltr'>fossis,</span> <span class='ocrx_word' id='word_1_434' title='bbox 1604 2820 1642 2844; x_wconf 86' lang='lat' dir='ltr'>a·</span> 
     </span>
     <span class='ocr_line' id='line_1_45' title="bbox 87 2866 1644 2926; baseline -0.01 -13"><span class='ocrx_word' id='word_1_435' title='bbox 87 2874 256 2926; x_wconf 63' lang='lat' dir='ltr'>quisdue</span> <span class='ocrx_word' id='word_1_436' title='bbox 268 2876 421 2922; x_wconf 78' lang='lat' dir='ltr'>debent:</span> <span class='ocrx_word' id='word_1_437' title='bbox 477 2874 568 2920; x_wconf 80' lang='lat' dir='ltr'>Haec</span> <span class='ocrx_word' id='word_1_438' title='bbox 598 2876 707 2912; x_wconf 87' lang='lat' dir='ltr'>enim</span> <span class='ocrx_word' id='word_1_439' title='bbox 717 2874 784 2923; x_wconf 87' lang='lat' dir='ltr'>qui</span> <span class='ocrx_word' id='word_1_440' title='bbox 796 2870 933 2917; x_wconf 82' lang='lat' dir='ltr'>differt,</span> <span class='ocrx_word' id='word_1_441' title='bbox 947 2871 1080 2914; x_wconf 81' lang='lat' dir='ltr'>donec</span> <span class='ocrx_word' id='word_1_442' title='bbox 1089 2869 1239 2908; x_wconf 87' lang='lat' dir='ltr'>bellum</span> <span class='ocrx_word' id='word_1_443' title='bbox 1249 2866 1480 2912; x_wconf 82' lang='lat' dir='ltr'>oriatur,sibi</span> <span class='ocrx_word' id='word_1_444' title='bbox 1496 2868 1532 2902; x_wconf 84' lang='lat'>&amp;</span> <span class='ocrx_word' id='word_1_445' title='bbox 1545 2875 1644 2900; x_wconf 53' lang='lat' dir='ltr'>tem,</span> 
     </span>
    </p>

    <p class='ocr_par' dir='ltr' id='par_1_7' title="bbox 1571 2930 1644 2968">
     <span class='ocr_line' id='line_1_46' title="bbox 1571 2930 1644 2968; baseline 0.014 -12"><span class='ocrx_word' id='word_1_446' title='bbox 1571 2930 1644 2968; x_wconf 82' lang='lat' dir='ltr'>pus</span> 
     </span>
    </p>
   </div>
  </div>
 </body>
</html>
