1980 3369
1528 241 1624 285 1614

95 301 185 339 eum
200 302 491 352 Neapolitanis,
506 302 665 339 Renaro
680 300 952 351 Andagavenfi
966 303 1124 341 tenente
1146 313 1326 352 regnum,
1339 303 1381 342 in
1398 300 1622 349 subsidium,

95 358 280 395 instructo
293 358 424 395 navali
435 358 617 401 exercitu,
629 359 668 394 ὃς
680 367 864 395 comeatu
878 357 1047 396 venisset.
1106 359 1231 408 Origo
1244 370 1376 397 autern
1400 359 1517 398 huius
1530 362 1624 399 Hie-

92 414 310 461 rographiae
322 411 343 449 ὲ
357 411 536 462 quodam
547 414 632 450 viro
645 412 780 449 Graeco
792 413 927 449 illustri
939 412 1075 460 est,qui
1087 414 1183 451 dum
1198 415 1400 466 Paleologi
1413 417 1623 466 imperium

95 471 256 507 orientis
269 478 443 506 tenerent
456 468 640 506 Genuam
651 467 871 506 habitatum
890 470 1014 507 venit3
1039 469 1097 505 Eo
1114 471 1221 508 enim
1242 481 1419 520 tempore
1432 473 1623 510 Genuen-

93 524 162 568 ses,
184 525 332 567 Peram,
344 525 521 574 Tyrum,=
536 524 839 568 Ptolomaidem,
853 525 1150 573 Nigropontum
1164 552 1175 568 ,
1197 527 1371 565 Pontum
1383 556 1393 571 ,
1417 529 1595 579 Cyprum
1610 555 1623 574 ,

93 581 306 617 Tauricam
319 578 611 616 Chersonesum
631 577 764 627 aliasc'p
780 580 1007 616 innumeras
1029 581 1250 628 provincias
1273 582 1341 619 sub
1360 582 1431 622 suo
1451 587 1625 634 imperio

93 635 305 672 habebant.
360 635 415 673 Ex
428 635 472 678 iis
483 635 705 684 complures
726 635 884 672 familiae
905 634 1155 672 nobilissimae
1178 637 1364 675 Genuam
1386 639 1422 676 se
1444 642 1625 679 confere·

93 691 202 734 bant,
215 691 267 727 ob
279 690 383 727 urbis
395 690 629 738 elegantiam
643 718 653 734 ,
675 689 918 738 splendorem
931 718 941 734 ,
963 688 1166 740 gentisque
1178 691 1478 732 humanitatem.
1519 696 1625 735 Inter

91 756 242 783 caeteras
256 748 346 783 aute
361 745 622 783 nobilissimas
633 745 804 785 familias
817 758 902 794 quae
915 744 964 783 εὸ
977 756 1168 784 venerunt
1187 747 1267 785 haec
1280 749 1365 791 fuit,
1389 763 1475 799 quae
1485 751 1505 788 εὶ
1519 753 1626 801 cybo

89 813 241 839 nomen
254 803 428 838 retinuit:
451 799 615 850 quaedue
629 802 759 850 postca
784 802 824 838 in
839 802 962 839 varias
983 802 1146 850 Europae
1164 815 1287 851 partes
1302 803 1336 840 se
1348 807 1553 852 transtulit,
1579 818 1626 845 ac

91 857 140 894 ad
155 855 429 905 pontificatum
443 857 626 905 pervenit.
660 858 706 894 In
721 857 976 906 Hieroglypto
988 857 1110 894 cubus
1129 856 1332 907 spethatur,
1345 873 1389 898 ac
1399 863 1624 900 ciconiailli

91 912 276 951 insistens,
291 913 531 961 gratitudinis
544 922 652 950 nota·
715 911 881 949 Ciconia
897 915 1002 949 enim
1025 924 1200 962 parentes
1214 913 1318 960 suos,
1337 915 1626 957 beneficiorum

91 970 295 1016 acceptori]
309 980 394 1006 non
409 969 633 1011 immemor,
654 964 886 1012 senescentes
896 968 964 1005 alit
975 970 1012 1006 ὅ(
1028 970 1209 1010 nutrit,ac
1222 969 1402 1020 hospiti‚a
1414 969 1498 1020 quo
1510 984 1624 1010 com-

91 1024 328 1060 morationis
343 1025 380 1061 ὃ(
396 1022 623 1061 nidificandi
637 1021 874 1060 beneficium
894 1025 1046 1072 accipit,
1068 1026 1166 1061 veris
1183 1025 1372 1074 praesentis
1393 1028 1544 1065 delitias
1555 1040 1625 1066 an-

91 1081 266 1122 nunciat,
281 1076 392 1126 quod
406 1079 574 1116 zodaico
584 1077 816 1127 designatur.
872 1079 926 1115 Vt
949 1080 1082 1127 itaqua
1100 1081 1254 1118 ciconia
1277 1091 1384 1132 grata
1395 1082 1446 1119 est
1461 1083 1624 1121 benefa-

92 1134 201 1177 Otori,
221 1136 272 1170 ita
287 1134 413 1185 Mysta
427 1135 507 1171 cius
518 1134 715 1184 exemplo,
731 1133 766 1171 se
789 1135 1035 1172 benemeritis
1050 1147 1134 1173 non
1149 1137 1283 1175 minus
1296 1147 1451 1188 gratum
1461 1137 1531 1176 esse
1544 1140 1626 1178 vel-

91 1189 141 1235 le,
154 1192 192 1227 &
209 1189 309 1229 fore,
323 1190 497 1238 ostendit.

315 1277 522 1329 ALIIS
570 1276 886 1329 SPRETIS
946 1276 1045 1328 TE
1094 1279 1380 1331 SOLAM.

242 1371 290 1407 In
304 1369 382 1406 hoc
395 1368 650 1418 Hieroglypto
664 1369 794 1406 multae
810 1369 920 1407 stellae
931 1371 1191 1415 circumcirca,
1205 1368 1440 1429 templumt'p
1461 1372 1500 1409 in
1513 1373 1625 1418 cujus

90 1426 222 1463 medio
235 1425 397 1462 candela
411 1425 515 1461 ardet
527 1424 776 1472 conspicitur:
834 1425 899 1462 Ad
921 1425 1024 1465 hane
1038 1425 1301 1475 proculdubio
1317 1426 1445 1478 Mysta
1456 1427 1624 1477 Symbo-

90 1482 174 1519 lum
186 1482 323 1531 dirigit,
337 1482 432 1518 dum
445 1481 516 1517 ait:
537 1479 684 1516 ALIIS
717 1480 932 1527 SPRETIS
954 1483 1021 1518 TE
1050 1481 1259 1526 SOLAM,
1275 1482 1408 1532 supple
1421 1484 1554 1532 cupio,
1570 1482 1625 1520 se-

87 1550 192 1586 quor
205 1549 367 1575 veneror
383 1548 428 1573 ac
441 1536 583 1575 adoro.
645 1535 795 1572 Verum
809 1537 903 1582 quid
915 1537 1065 1586 templo
1078 1540 1115 1575 ὅ(
1128 1538 1289 1575 candela
1302 1548 1459 1575 notetur
1470 1539 1627 1576 dubita-

87 1596 116 1632 ri
130 1606 151 1642 p
182 1593 260 1629 test.
314 1593 398 1641 Ego
416 1590 620 1628 Ecclesiam
635 1601 764 1628 veram
788 1594 825 1629 &
842 1591 1093 1641 Catholicam
1119 1594 1461 1642 (quandoquidem
1486 1593 1628 1631 Hiero·

87 1605 225 1742 ἔρξω
236 1647 399 1691 ecclefiae
411 1647 471 1684 vel
485 1646 620 1695 templi
636 1647 765 1684 forma
780 1647 998 1696 exhibetur)
1013 1661 1098 1697 qua·
1111 1649 1294 1693 candelae,
1314 1648 1375 1688 vel
1389 1649 1484 1686 facis
1496 1650 1626 1693 instar,-

88 1718 108 1743 a
129 1708 172 1750 ijs
188 1704 300 1741 stellis
313 1703 518 1750 omnibus,
535 1703 570 1739 id
584 1701 754 1747 est‚fa1fis
769 1704 1026 1751 opinionibus
1038 1707 1075 1752 ὅ(
1091 1703 1290 1745 haeresibus
1305 1705 1493 1754 praelucet,
1511 1704 1629 1755 figni-

89 1761 195 1799 ficari
212 1771 332 1807 put03
355 1758 460 1795 Cum
474 1758 547 1795 hac
559 1758 665 1794 enim
678 1769 911 1807 comparatae
924 1759 1040 1796 instar
1059 1759 1254 1797 stellarum
1278 1760 1379 1803 sunt,
1393 1772 1478 1808 quae
1491 1762 1627 1798 viden·

87 1827 147 1854 tur
158 1815 330 1863 quidem,
345 1813 585 1857 sednullam,
610 1812 630 1849 a
657 1812 691 1849 se
711 1813 839 1862 lucem
861 1816 1032 1852 mittunt.
1088 1817 1202 1853 Hanc
1218 1815 1422 1853 Ecclesiam
1438 1815 1626 1853 Catholi-

86 1874 231 1915 cam‚&
245 1870 519 1920 Apostolicam
533 1870 601 1915 qui
612 1868 795 1916 sequitur,
810 1882 894 1906 non
909 1872 1117 1918 errat‚quia
1133 1872 1380 1915 columna‚&
1395 1870 1626 1909 firmamen-

86 1939 169 1965 tum
185 1929 348 1964 veritatis
363 1926 425 1968 est,
439 1937 484 1961 ex
500 1926 651 1961 unione
664 1924 838 1961 fidelium
863 1926 1060 1970 constans,
1078 1937 1121 1963 ac
1137 1938 1201 1975 per
1224 1928 1348 1964 varias
1371 1927 1476 1964 orbis
1501 1938 1626 1975 partes

86 1982 263 2032 dispersa.
319 1983 406 2019 Hoc
419 1981 615 2029 proprium
628 1983 709 2025 ejus
722 1981 772 2017 est
787 1981 935 2018 Hilario
950 1981 1051 2025 teste,
1066 1992 1107 2019 ut
1120 1983 1215 2019 dum
1232 1981 1459 2031 persequuta
1472 1983 1536 2025 est,
1551 1982 1607 2019 flo
1621 2001 1629 2010 ·

87 2049 189 2077 reats
211 2039 308 2075 dum
321 2038 568 2086 opprimitur,
585 2036 746 2073 crescat:
767 2037 861 2072 dum
875 2039 1157 2080 contemnitur,
1175 2037 1374 2086 proficiat:
1406 2040 1502 2074 dum
1528 2038 1627 2075 laedi-

85 2105 148 2131 tur
160 2123 170 2138 ‚
194 2096 344 2132 vincat:
362 2094 458 2130 dum
471 2094 656 2140 arguitur,
669 2092 878 2140 intelligat:
904 2104 948 2129 ac
962 2103 1055 2131 tunc
1070 2093 1148 2136 stet,
1170 2093 1260 2131 curn
1287 2092 1451 2142 superari
1467 2094 1629 2131 videtur.

88 2151 201 2188 Hanc
215 2149 342 2200 Mysta
354 2146 718 2191 Ecclesiam,caetcris
737 2146 877 2196 spretis,
889 2147 1124 2197 sequendam
1138 2148 1206 2185 sibi
1219 2147 1320 2187 recte
1330 2148 1548 2199 proposuit.

456 2259 609 2309 ΚΑΙ
668 2259 1073 2311 ΕΧΟΜΕΝ
1126 2261 1248 2311 EN

618 2342 758 2372 κτΒΩ,
912 2335 1021 2369 idest:

357 2389 452 2438 ET
530 2388 915 2438 HABEMUS
968 2390 1056 2438 IN
1116 2389 1347 2438 CUBO.

205 2483 346 2524 Latine
360 2487 411 2523 ait
426 2485 717 2535 Symbolum,&
731 2485 921 2522 habemus
935 2485 973 2520 in
988 2484 1104 2525 cubo.
1120 2483 1297 2520 alludens
1311 2481 1359 2519 ad
1372 2483 1497 2518 nome
1512 2479 1629 2517 fami-

86 2543 297 2582 liae:Cubus
312 2542 530 2579 Geometris
542 2552 684 2590 corpus
698 2541 748 2577 est
762 2539 821 2577 sex
839 2538 1192 2587 superficierum,ad
1205 2539 1375 2587 angulos
1390 2537 1514 2573 rectos
1527 2547 1630 2584 quos

86 2599 323 2647 ortogonios
338 2607 482 2634 vocant
494 2596 758 2639 constitutam,
774 2597 922 2632 Latinis
936 2593 1061 2633 tessera
1074 2595 1223 2630 dicitur.
1243 2594 1446 2645 Qidnam
1461 2593 1576 2640 igitur
1587 2592 1629 2627 in

87 2656 191 2693 cubo
204 2653 281 2690 cst?
306 2655 405 2690 Puto
419 2653 589 2706 Mystam
603 2650 815 2701 significare
839 2650 1068 2687 constatiam
1082 2649 1165 2693 effe,
1181 2661 1259 2697 qua
1284 2650 1484 2685 maiorum
1507 2648 1544 2682 ὃς
1559 2657 1629 2682 an-

87 2711 313 2748 tecefforum
333 2711 487 2748 virtutes
501 2709 641 2744 imitari
655 2707 757 2743 velit.
816 2706 920 2742 Cubi
934 2707 1039 2742 enim
1054 2706 1280 2742 constitutio
1293 2703 1380 2740 talis
1394 2702 1458 2745 est,
1480 2711 1523 2738 ut
1535 2700 1631 2749 posi-

88 2778 147 2803 tus
161 2776 225 2802 aut
240 2765 375 2809 iactus,
390 2766 486 2803 dum
497 2763 681 2805 resederit,
698 2774 780 2799 non
799 2762 911 2799 facile
925 2762 972 2798 ab
986 2772 1142 2798 externa
1157 2761 1288 2807 aliqua
1305 2770 1344 2795 re
1357 2758 1616 2798 dimoveatur,

92 2823 265 2859 sedemve
280 2823 400 2857 variet
414 2831 480 2858 aut
492 2829 625 2856 mutet.
681 2819 725 2855 ln
745 2818 849 2854 hunc
861 2818 1013 2854 ciconia
1035 2817 1278 2866 gratitudinis
1295 2813 1424 2857 index,
1439 2810 1547 2860 quod
1563 2823 1631 2860 pa-

90 2888 212 2915 rentes
225 2877 437 2926 decrepitos
451 2877 541 2919 alat,
559 2878 597 2913 ὅ(
621 2871 761 2923 hospiti
786 2872 854 2910 suo
874 2874 1086 2909 imminens
1100 2883 1163 2910 ver
1181 2869 1415 2920 praenunciet
1428 2895 1439 2913 ,
1466 2867 1629 2958 pepibus

916 2928 942 2963 P
972 2940 986 2970 3
1470 2924 1510 2961 in
1529 2922 1629 2959 istit3
