1980 3369
1502 319 1542 358 13
1549 323 1577 361 9

121 372 317 410 meredidi
327 370 483 424 insignia
498 386 507 419 ;
530 372 579 410 ita
589 373 626 410 ὅ(
637 373 817 411 mandata
826 369 943 417 dedit,
973 383 1020 410 ex
1029 373 1148 411 corde
1162 370 1230 411 suo
1238 402 1251 419 ‚
1259 372 1375 413 veluti
1387 386 1435 412 ex
1448 373 1579 417 solitu-

112 426 224 465 dine:
251 427 358 478 quod
366 429 473 465 enirn
481 439 620 465 nemus
636 427 673 464 tii
680 441 721 465 m
733 439 911 478 opacum,
921 426 1080 472 testum,
1088 426 1298 467 solitarium
1310 429 1321 465 Ξ
1344 429 1578 472 sententiam

113 481 362 519 enunciandi:
384 480 522 533 sperno
531 480 727 525 invidiam‘
769 484 1001 533 Qanquam
1011 483 1118 520 enim
1127 494 1202 520 nec
1212 483 1389 536 Principis
1398 485 1479 529 viri,
1500 498 1577 525 nec

115 536 249 589 privati
258 534 311 580 sit,
321 547 591 580 contemnere,
610 547 651 574 ut
662 537 714 574 M.
734 537 874 574 Cicero
888 534 1029 574 indicat
1037 564 1049 581 ,
1060 535 1151 589 quid
1161 535 1343 575 homines
1351 538 1400 577 de
1409 537 1446 576 se
1460 539 1577 580 senti-

117 599 200 634 ant,
207 602 250 627 ac
261 588 488 642 loquantur:
510 589 694 629 cumnihil
711 589 773 628 ulli
785 588 980 642 pretiosius
990 589 1090 629 fama
1098 589 1142 628 s1t
1156 605 1166 630 t
1184 592 1223 628 δε
1232 590 1326 629 nihil
1334 593 1495 646 Principi
1506 608 1576 648 pe-

116 642 309 683 nculofius
319 643 457 684 sinistra
467 644 515 683 de
528 644 563 682 se
572 646 759 696 opinione
771 645 959 682 concitata
972 660 980 681 :
1012 655 1145 683 tamen
1162 647 1305 697 magni,
1317 645 1524 688 constantis
1540 651 1581 689 δε

115 699 221 750 digni
230 699 400 751 Principe
409 701 526 737 animi
537 698 602 744 est,
610 698 849 737 rumusculos
858 700 896 736 ὅ(
906 698 1095 751 malignos
1105 699 1154 738 de
1164 699 1200 737 se
1210 699 1421 740 hominum
1429 701 1580 742 sermo-

116 765 189 793 nes
196 751 407 804 despicere:
437 752 547 792 fifalsi
558 752 795 799 sunt‚tacere‚
807 751 832 790 si
842 755 1066 804 verj.Spreta
1079 755 1186 792 enim
1195 754 1334 794 invidia
1342 784 1351 799 ,
1361 767 1402 794 ut
1413 769 1580 796 conten..

118 805 222 845 tiosae
230 807 420 852 mulieres,
432 808 666 851 conticescit,
697 807 910 846 Alcibiades
919 806 1010 846 cum
1019 820 1093 846 nec
1104 806 1245 853 eluere,
1255 821 1329 847 nec
1337 823 1477 862 negare
1486 811 1582 852 fasta

116 860 242 915 posset
256 877 266 907 3
289 862 441 901 insuetae
454 862 724 914 magnitudinis
735 873 874 900 canem
887 864 995 907 emit,
1005 863 1043 900 &
1051 861 1219 901 solutum
1228 875 1298 914 per
1307 864 1447 904 urbem
1456 869 1584 919 vagari

116 915 213 956 finit.
224 918 263 953 in
272 930 391 969 quern
401 915 491 956 cum
501 919 547 955 ab
556 915 635 966 ipso
645 918 683 954 &
697 915 832 968 linguae
843 917 881 954 ὅ(
898 916 999 955 oculi
1012 915 1129 955 averfi
1143 916 1283 963 essent,
1313 920 1582 961 nunciantibus

164 973 304 1009 amicis.
313 970 391 1009 hoc
398 973 520 1023 inquit
527 971 717 1010 volebam.
751 970 940 1022 Philippus
950 969 1071 1009 Persei
1082 982 1191 1023 pater
1198 984 1268 1011 rex
1277 973 1532 1023 Macedoniae,

249 1025 493 1064 Heraclidam
511 1027 658 1078 probris
676 1025 715 1063 δε
728 1026 953 1064 criminibus
966 1037 1173 1064 oneratum
1188 1027 1228 1064 in
1241 1025 1455 1071 custodiam

342 1082 525 1130 coniecit:
551 1081 591 1118 ὅ(
606 1091 772 1118 omnem
782 1079 803 1117 ii
816 1078 853 1118 se
863 1078 1045 1118 invidiam
1056 1081 1200 1118 avertit.
1213 1082 1269 1120 Ita
1277 1095 1349 1135 pu-

452 1134 548 1173 blice
556 1136 594 1172 ὅ(
603 1134 782 1185 privatim
789 1146 858 1178 ars,
867 1133 1116 1173 conciliandae
1128 1134 1252 1175 bene-

556 1187 745 1232 velentiae,
757 1199 819 1227 aut
830 1189 905 1238 odij
916 1186 1141 1242 effugiendi,

737 1243 894 1282 inventa
901 1242 965 1282 est.
