1980 3369
577 313 1085 374 ”,ΒΒΑΒυΒ
1154 327 1162 370 ῑ
1262 326 1442 373 211
1521 261 1624 317 ᾗῇ

253 402 307 439 Vt
324 370 408 440 duae
431 370 609 440 anchorae
658 415 777 443 naves
803 403 897 448 nea
915 405 1093 454 procellis
1115 406 1274 443 marinis
1294 404 1634 456 conquaseentur‚

103 471 148 497 ac
175 467 420 507 rumpantur,
433 457 579 495 securas
592 456 767 503 reddunt:
781 461 832 497 ita
858 460 971 510 leges,
990 461 1027 498 ὅ(
1042 472 1148 498 arma
1161 462 1457 524 rempublicam,
1469 462 1550 500 nea
1562 473 1638 501 tur-

92 514 175 557 bis,
194 524 261 551 aut
272 512 454 550 seditione
477 512 729 562 perturbetur,
742 524 809 553 aut
823 513 1070 553 subv:ertatur
1128 516 1211 553 Lex
1225 518 1332 555 enim
1345 527 1539 567 tanquam
1553 520 1639 556 ani·

93 581 169 607 *ma
181 569 331 618 reipub.
354 579 484 606 torum
508 579 646 616 corpus
667 580 718 607 ne
729 569 984 613 morbosum,
1008 571 1351 617 valetudinarium,
1364 584 1409 611 ac
1429 574 1532 611 male
1543 563 1639 624 affe·

102 625 210 662 etum
225 622 578 668 reddatur,conserv
583 633 632 660 at.
685 622 751 662 Ad
765 623 924 662 salutem
939 626 1044 663 enim
1057 626 1114 663 civ
1120 627 1215 670 ium,
1228 626 1512 677 civitatumque
1527 630 1638 666 inco-

101 680 334 721 lumitatem,
350 681 548 726 vitamque
569 678 782 717 homiuum
795 682 967 728 quietam
989 692 1033 718 ac
1049 681 1217 725 beatam,
1231 683 1398 721 conditae
1423 673 1637 734 suntleges,

91 736 285 783 ‘utinquit
314 734 464 772 Cicero:
486 734 565 771 Vbi
578 733 675 784 leges
696 747 779 773 non
791 733 890 779 sunt,
907 736 959 772 ibi
973 736 1098 784 probi,
1114 736 1391 785 improborum
1405 738 1638 777 libidiniex-

93 788 225 839 positi,
232 788 409 827 miseram
422 789 613 827 trahunt
594 802 613 827 v
618 792 724 829 itam,
734 801 775 828 ut
783 792 887 840 apud
902 790 1210 835 Barbaros,inter
1221 804 1323 841 quos
1333 795 1572 841 potentiores
1585 794 1653 843 leg

92 847 214 895 'gibus
226 844 362 888 soluti,
378 856 533 884 caeteros
554 847 795 894 opprimunt.
854 846 1070 893 Praecipuus
1096 847 1229 894 itaque
1248 846 1386 896 scopus
1405 848 1456 886 est
1477 849 1634 899 legum,

93 900 191 938 suos
204 900 423 938 incolumes
437 898 674 945 conservare,
688 912 732 938 ac
745 901 844 939 nihil
855 900 924 938 nisi
939 898 1115 945 salutem,
1133 913 1251 951 arque
1264 903 1468 941 utilitatem
1479 905 1630 955 reipub.

90 962 333 1007 proponere,
350 966 392 993 ut
401 956 454 993 ait
469 956 531 993 Ov
536 956 646 993 idius:

314 1000 418 1060 Iszc'le
429 1012 530 1059 date
534 1008 650 1080 leges
651 1028 719 1069 ,ne
725 1012 804 1077 for
805 1011 883 1059 tior
891 1011 1033 1058 omnia
1042 1010 1178 1075 pfft.

219 1080 370 1121 Verum
393 1094 476 1119 non
492 1085 626 1126 juvant
642 1082 755 1131 leges,
778 1080 801 1119 sl
817 1093 924 1119 arma
939 1083 975 1119 &
991 1081 1153 1119 ministri
1173 1082 1244 1131 qui
1268 1076 1354 1121 illas
1374 1090 1633 1132 exequantur,

99 1132 259 1176 desint
292 1137 425 1174 Armis
450 1140 555 1174 enim
578 1136 795 1185 improbi&
817 1138 884 1185 qui
900 1138 941 1174 in
957 1137 1082 1186 legem
1094 1146 1267 1188 peccant,
1282 1148 1349 1175 aut
1362 1139 1537 1190 rempub.
1553 1151 1636 1188 per·

97 1194 251 1230 turbare
271 1186 432 1246 student,
448 1192 646 1231 coercendi
668 1190 765 1235 sunt,
782 1194 818 1229 ὃς
844 1193 1048 1240 plectendi.
1116 1191 1276 1237 Praestat,
1298 1194 1450 1231 nullam
1470 1195 1637 1232 condere

98 1249 238 1298 legem,
254 1259 370 1295 quam
388 1249 590 1285 nontueri
647 1247 756 1284 Dum
776 1247 979 1285 enimlatae
1003 1260 1085 1286 non
1102 1247 1318 1298 servantur,
1343 1251 1381 1286 &
1406 1249 1637 1299 legislatoris

98 1304 280 1352 &legum
300 1292 515 1340 authoritas
527 1303 770 1346 diminuitur,
775 1315 820 1340 ac
832 1304 1103 1352 improborum
1115 1292 1471 1366 peccandiaudacia
1484 1304 1628 1348 crescit,

98 1355 344 1407 bonorumq3
361 1360 436 1396 vita
452 1349 671 1407 majoribus
677 1359 852 1421 periculis
863 1360 1086 1410 exponitur.
1108 1360 1203 1408 Qo
1214 1360 1321 1396 enim
1333 1357 1533 1398 severiores
1547 1359 1635 1397 sunt

103 1415 220 1463 leges,
236 1411 481 1462 atrociusque
496 1414 666 1462 improbi
688 1415 921 1462 puniuntur,
935 1411 984 1450 ee>
1002 1412 1182 1461 securior,
1206 1415 1338 1457 tutior,
1353 1423 1469 1462 atque
1483 1414 1636 1453 beatior

98 1467 302 1506 bonorum
323 1470 398 1506 vita
424 1469 601 1507 redditur.
661 1469 766 1518 Qid
790 1478 938 1512 metuat
959 1470 1102 1518 probus
1130 1468 1403 1507 severissimam
1428 1470 1566 1520 legem,
1591 1471 1636 1509 in

98 1536 222 1572 quam
242 1525 428 1574 peccandi
448 1537 533 1563 non
546 1523 596 1562 cst
608 1525 783 1562 animus:
800 1535 868 1565 aut
892 1523 920 1563 fi
942 1534 1087 1574 peccet,
1109 1523 1146 1561 se
1175 1523 1365 1575 supplicio
1383 1525 1549 1576 dignum
1569 1526 1636 1578 jug

99 1580 216 1618 dicet?

516 1668 858 1720 FESTINA
933 1669 1224 1720 LENTE.

250 1756 374 1797 Lente
398 1762 571 1809 procedit
590 1761 760 1800 testudo:
781 1760 844 1799 sed
869 1759 1006 1801 secure.
1066 1758 1189 1799 Lente
1210 1760 1264 1800 ob
1286 1773 1391 1800 onus
1417 1762 1455 1800 ὅ(
1469 1761 1634 1812 impedi-

98 1822 279 1852 mentum
297 1843 308 1858 ,
348 1816 454 1853 Nam
479 1817 730 1855 domicilium
756 1817 945 1854 adnatum
973 1816 1103 1855 secum
1134 1817 1220 1857 fert.
1336 1815 1496 1862 Secure,
1522 1816 1635 1866 quod

98 1869 346 1908 domicilium
368 1869 458 1908 scuti
473 1872 589 1910 instar
610 1872 676 1917 fit,
698 1883 782 1920 quo
796 1874 895 1912 inter
913 1874 1072 1921 rupium
1096 1874 1312 1922 praecipitia,
1336 1872 1362 1910 ss
1394 1873 1548 1911 decidat
1572 1872 1634 1911 vel

98 1923 196 1962 saxis
217 1925 416 1970 obruatur,
437 1936 524 1964 tuto
542 1928 608 1972 ire,
630 1928 922 1966 &commorari
943 1929 1040 1965 mira
1064 1938 1208 1966 naturae
1230 1927 1474 1977 providentia
1496 1928 1636 1978 potest·

99 1979 152 2016 Vt
174 1990 306 2019 autem
338 1981 514 2020 festinare
546 1983 740 2026 videatur,
777 1982 909 2020 velum
937 1982 1138 2032 appidkum
1155 1983 1206 2020 est
1230 1984 1334 2020 venti
1357 1982 1495 2021 afflatu
1516 1983 1632 2033 turgi-

97 2034 208 2074 dum.
296 2037 404 2074 Nam
443 2037 641 2076 testudinis
676 2048 835 2075 moram
861 2036 1094 2088 lentumque
1128 2037 1344 2088 processum
1375 2037 1509 2075 insulae
1532 2038 1633 2076 mari

94 2090 310 2129 innatantis
349 2094 528 2141 gravitas,
569 2093 745 2130 ostendit.
876 2092 1019 2142 Saepius
1042 2095 1225 2141 repetitur
1238 2094 1477 2144 Symbolum
1501 2093 1634 2131 hocin

96 2144 208 2190 libro,
232 2158 276 2183 ac
298 2159 390 2184 eum
417 2149 486 2196 qui
519 2160 578 2186 res
603 2148 778 2191 arduas,
792 2149 830 2185 &
853 2159 1016 2198 magnas
1040 2148 1164 2186 foelici
1195 2160 1286 2187 cum
1311 2147 1476 2186 successu
1505 2159 1634 2198 gerere

96 2201 192 2244 vult,
218 2213 347 2251 neque
372 2202 657 2247 festinanter,&
682 2201 922 2240 inconsulte:
944 2202 1006 2241 sed
1029 2201 1142 2247 lente,
1164 2215 1209 2242 ae
1230 2204 1430 2254 expectata
1460 2202 1635 2242 occasio

96 2267 146 2293 ne
169 2256 296 2294 facere
315 2257 467 2301 debere,
484 2258 609 2296 docet:
683 2257 859 2295 Primum
879 2269 988 2296 enim
999 2259 1091 2307 quid
1108 2259 1307 2308 agendum
1329 2258 1395 2303 sit,
1419 2257 1560 2296 deinde
1579 2270 1632 2296 an

97 2310 180 2349 fieri
204 2311 332 2360 possit,
347 2313 624 2363 cogitandum:
646 2313 755 2350 Tum
767 2311 928 2350 demum
942 2314 1152 2363 quomodo
1163 2313 1245 2352 fieri
1260 2314 1391 2364 possit,
1405 2313 1632 2352 consultan-

95 2367 204 2410 dum,
221 2379 266 2405 ac
288 2367 483 2416 postremo
505 2370 695 2412 rationes,
723 2368 936 2412 machinae,
963 2379 1030 2406 aut
1043 2369 1317 2413 instrumenta,
1333 2370 1381 2407 ad
1402 2381 1485 2407 rem
1502 2381 1632 2419 geren-2

95 2422 188 2459 dam
215 2422 356 2460 idonea
371 2451 382 2466 ‚
404 2424 608 2473 quaerenda
629 2423 729 2461 sunt:
798 2423 887 2460 Haee
914 2425 1020 2461 enim
1044 2423 1069 2461 fi
1092 2425 1178 2471 quis
1197 2425 1399 2475 diligenter
1419 2424 1633 2474 perpende·

94 2478 154 2520 rit,
177 2488 222 2514 ae
245 2478 284 2515 in
309 2489 493 2529 promptu
517 2479 719 2521 habuerit,
747 2476 1078 2527 occasionemque
1101 2480 1156 2516 rei
1175 2481 1349 2530 gerendae
1366 2480 1554 2517 idoneam
1572 2490 1630 2516 re-

95 2531 280 2580 spondere
307 2534 600 2573 animadvertit:
637 2545 720 2572 non
754 2533 956 2571 cunctetur
985 2534 1174 2584 amplius:
1209 2534 1358 2584 (elapsa
1389 2537 1497 2572 enirn
1515 2532 1633 2572 semet

96 2586 249 2624 occasio
262 2586 350 2625 raro
365 2592 536 2638 remeat)
565 2588 626 2627 sed
646 2587 931 2637 circumspecte,
947 2587 1126 2638 lenteque
1151 2589 1313 2628 festinet:
1371 2591 1553 2639 Percipiet
1593 2600 1631 2625 e-

95 2643 179 2679 nim
195 2641 229 2678 sc
249 2642 519 2690 desideratum,
531 2641 792 2695 optatumque
808 2655 937 2681 rerum
958 2642 1115 2683 suarum
1127 2647 1302 2690 exitum,
1323 2656 1368 2683 ac
1388 2643 1510 2683 finem
1533 2656 1632 2682 con·

98 2695 365 2745 stquuturum.

782 2811 821 2859 E
852 2832 887 2870 4
1371 2810 1629 2862 FIDEM
