<?xml version="1.0" encoding="UTF-8"?>
<!DOCTYPE html PUBLIC "-//W3C//DTD XHTML 1.0 Transitional//EN"
    "http://www.w3.org/TR/xhtml1/DTD/xhtml1-transitional.dtd">
<html xmlns="http://www.w3.org/1999/xhtml" xml:lang="en" lang="en">
 <head>
  <title>
</title>
<meta http-equiv="Content-Type" content="text/html;charset=utf-8" />
  <meta name='ocr-system' content='tesseract 3.04.00' />
  <meta name='ocr-capabilities' content='ocr_page ocr_carea ocr_par ocr_line ocrx_word'/>
</head>
<body>
  <div class='ocr_page' id='page_1' title='image "./symboladiuinahum13typo_0434.png"; bbox 0 0 1980 3369; ppageno 0'>
   <div class='ocr_carea' id='block_1_1' title="bbox 832 256 1426 393">
    <p class='ocr_par' dir='ltr' id='par_1_1' title="bbox 832 256 1426 393">
     <span class='ocr_line' id='line_1_1' title="bbox 832 256 1426 393; baseline -0.01 0"><span class='ocrx_word' id='word_1_1' title='bbox 832 256 1426 393; x_wconf 76' lang='grc' dir='ltr'><strong>ΦΥΣΑ.</strong></span> 
     </span>
    </p>
   </div>
   <div class='ocr_carea' id='block_1_2' title="bbox 907 430 1320 566">
    <p class='ocr_par' dir='ltr' id='par_1_2' title="bbox 907 430 1320 566">
     <span class='ocr_line' id='line_1_2' title="bbox 1065 430 1194 468; baseline -0.008 0"><span class='ocrx_word' id='word_1_2' title='bbox 1065 430 1102 468; x_wconf 92' lang='lat' dir='ltr'><strong>id</strong></span> <span class='ocrx_word' id='word_1_3' title='bbox 1122 431 1194 468; x_wconf 88' lang='lat' dir='ltr'><strong>est:</strong></span> 
     </span>
     <span class='ocr_line' id='line_1_3' title="bbox 907 485 1320 566; baseline 0.007 -31"><span class='ocrx_word' id='word_1_4' title='bbox 907 485 1320 566; x_wconf 64' lang='lat' dir='ltr'><strong>FLATus</strong></span> 
     </span>
    </p>
   </div>
   <div class='ocr_carea' id='block_1_3' title="bbox 335 582 1892 1457">
    <p class='ocr_par' dir='ltr' id='par_1_3' title="bbox 335 582 1892 1457">
     <span class='ocr_line' id='line_1_4' title="bbox 503 582 1892 635; baseline 0.004 -14"><span class='ocrx_word' id='word_1_5' title='bbox 503 582 673 622; x_wconf 85' lang='lat' dir='ltr'><strong>Videtur</strong></span> <span class='ocrx_word' id='word_1_6' title='bbox 700 582 766 622; x_wconf 67' lang='grc' dir='ltr'><strong>ΜΕ</strong></span> <span class='ocrx_word' id='word_1_7' title='bbox 793 584 1086 635; x_wconf 81' lang='lat' dir='ltr'><strong>Hierographiae</strong></span> <span class='ocrx_word' id='word_1_8' title='bbox 1105 586 1251 624; x_wconf 84' lang='lat' dir='ltr'>author</span> <span class='ocrx_word' id='word_1_9' title='bbox 1272 596 1442 635; x_wconf 81' lang='lat' dir='ltr'><strong>quatuor</strong></span> <span class='ocrx_word' id='word_1_10' title='bbox 1463 585 1657 624; x_wconf 84' lang='lat' dir='ltr'><strong>elementa</strong></span> <span class='ocrx_word' id='word_1_11' title='bbox 1688 585 1892 627; x_wconf 78' lang='lat' dir='ltr'><strong>exhibere:</strong></span> 
     </span>
     <span class='ocr_line' id='line_1_5' title="bbox 350 639 1892 693; baseline 0.003 -17"><span class='ocrx_word' id='word_1_12' title='bbox 350 639 520 677; x_wconf 86' lang='lat' dir='ltr'><strong>Corona</strong></span> <span class='ocrx_word' id='word_1_13' title='bbox 531 640 905 688; x_wconf 73' lang='lat' dir='ltr'><strong>enim,qui.1her‘ois,</strong></span> <span class='ocrx_word' id='word_1_14' title='bbox 919 643 957 678; x_wconf 86' lang='lat'>&amp;</span> <span class='ocrx_word' id='word_1_15' title='bbox 973 642 1134 684; x_wconf 73' lang='lat' dir='ltr'><strong>floribus</strong></span> <span class='ocrx_word' id='word_1_16' title='bbox 1147 642 1469 689; x_wconf 67' lang='lat' dir='ltr'><strong>coiistar,terra111‚</strong></span> <span class='ocrx_word' id='word_1_17' title='bbox 1481 653 1566 689; x_wconf 78' lang='lat' dir='ltr'><strong>quae</strong></span> <span class='ocrx_word' id='word_1_18' title='bbox 1578 643 1737 681; x_wconf 86' lang='lat' dir='ltr'><strong>illorum</strong></span> <span class='ocrx_word' id='word_1_19' title='bbox 1752 655 1892 693; x_wconf 85' lang='lat' dir='ltr'><strong>parcns</strong></span> 
     </span>
     <span class='ocr_line' id='line_1_6' title="bbox 349 694 1892 748; baseline 0.003 -16"><span class='ocrx_word' id='word_1_20' title='bbox 349 695 555 739; x_wconf 83' lang='lat' dir='ltr'><strong>est,n0tat.</strong></span> <span class='ocrx_word' id='word_1_21' title='bbox 599 695 728 743; x_wconf 87' lang='lat' dir='ltr'><strong>Aquae</strong></span> <span class='ocrx_word' id='word_1_22' title='bbox 746 694 867 745; x_wconf 72' lang='lat' dir='ltr'><strong>figura</strong></span> <span class='ocrx_word' id='word_1_23' title='bbox 895 695 982 733; x_wconf 75' lang='lat' dir='ltr'><strong>satis</strong></span> <span class='ocrx_word' id='word_1_24' title='bbox 1005 707 1173 746; x_wconf 86' lang='lat' dir='ltr'><strong>apparet.</strong></span> <span class='ocrx_word' id='word_1_25' title='bbox 1216 698 1311 741; x_wconf 72' lang='lat' dir='ltr'><strong>Aer,</strong></span> <span class='ocrx_word' id='word_1_26' title='bbox 1335 696 1499 746; x_wconf 81' lang='lat' dir='ltr'><strong>spiritus,</strong></span> <span class='ocrx_word' id='word_1_27' title='bbox 1523 708 1591 735; x_wconf 85' lang='lat' dir='ltr'><strong>aut</strong></span> <span class='ocrx_word' id='word_1_28' title='bbox 1616 709 1775 736; x_wconf 87' lang='lat' dir='ltr'><strong>ventus:</strong></span> <span class='ocrx_word' id='word_1_29' title='bbox 1796 701 1892 748; x_wconf 83' lang='lat' dir='ltr'><strong>quia.</strong></span> 
     </span>
     <span class='ocr_line' id='line_1_7' title="bbox 349 748 1890 801; baseline 0.003 -14"><span class='ocrx_word' id='word_1_30' title='bbox 349 761 481 799; x_wconf 87' lang='lat' dir='ltr'><strong>neque</strong></span> <span class='ocrx_word' id='word_1_31' title='bbox 493 752 609 796; x_wconf 85' lang='lat' dir='ltr'><strong>cerni,</strong></span> <span class='ocrx_word' id='word_1_32' title='bbox 624 763 754 798; x_wconf 84' lang='lat' dir='ltr'><strong>neque</strong></span> <span class='ocrx_word' id='word_1_33' title='bbox 765 752 919 801; x_wconf 73' lang='lat' dir='ltr'><strong>depingi</strong></span> <span class='ocrx_word' id='word_1_34' title='bbox 936 753 1072 801; x_wconf 83' lang='lat' dir='ltr'><strong>potest,</strong></span> <span class='ocrx_word' id='word_1_35' title='bbox 1088 753 1219 790; x_wconf 79' lang='lat' dir='ltr'><strong>Graeca</strong></span> <span class='ocrx_word' id='word_1_36' title='bbox 1240 753 1414 791; x_wconf 68' lang='lat' dir='ltr'><strong>difflone</strong></span> <span class='ocrx_word' id='word_1_37' title='bbox 1428 748 1529 796; x_wconf 68' lang='grc' dir='ltr'>Φῧσα,</span> <span class='ocrx_word' id='word_1_38' title='bbox 1552 754 1589 790; x_wconf 91' lang='lat' dir='ltr'><strong>id</strong></span> <span class='ocrx_word' id='word_1_39' title='bbox 1602 754 1665 797; x_wconf 86' lang='lat' dir='ltr'><strong>est,</strong></span> <span class='ocrx_word' id='word_1_40' title='bbox 1681 754 1795 792; x_wconf 83' lang='lat' dir='ltr'><strong>flatus</strong></span> <span class='ocrx_word' id='word_1_41' title='bbox 1807 782 1818 798; x_wconf 93' lang='lat'><strong>,</strong></span> <span class='ocrx_word' id='word_1_42' title='bbox 1844 755 1890 792; x_wconf 83' lang='lat' dir='ltr'><strong>fi-</strong></span> 
     </span>
     <span class='ocr_line' id='line_1_8' title="bbox 346 805 1890 859; baseline 0.003 -17"><span class='ocrx_word' id='word_1_43' title='bbox 346 805 573 857; x_wconf 82' lang='lat' dir='ltr'><strong>gnificatur.</strong></span> <span class='ocrx_word' id='word_1_44' title='bbox 629 806 697 844; x_wconf 83' lang='lat' dir='ltr'><strong>Sol</strong></span> <span class='ocrx_word' id='word_1_45' title='bbox 709 805 794 855; x_wconf 74' lang='lat' dir='ltr'><strong>s-ipr</strong></span> <span class='ocrx_word' id='word_1_46' title='bbox 799 819 883 844; x_wconf 79' lang='lat' dir='ltr'><strong>ema</strong></span> <span class='ocrx_word' id='word_1_47' title='bbox 900 818 1015 845; x_wconf 66' lang='lat' dir='ltr'><strong>nti-te:</strong></span> <span class='ocrx_word' id='word_1_48' title='bbox 1030 810 1121 855; x_wconf 51' lang='lat' dir='ltr'><strong>quid</strong></span> <span class='ocrx_word' id='word_1_49' title='bbox 1135 809 1276 845; x_wconf 73' lang='lat' dir='ltr'><strong>caloris</strong></span> <span class='ocrx_word' id='word_1_50' title='bbox 1290 810 1424 845; x_wconf 86' lang='lat' dir='ltr'><strong>omnis</strong></span> <span class='ocrx_word' id='word_1_51' title='bbox 1439 809 1530 845; x_wconf 86' lang='lat' dir='ltr'><strong>fons</strong></span> <span class='ocrx_word' id='word_1_52' title='bbox 1544 809 1606 853; x_wconf 89' lang='lat' dir='ltr'><strong>est,</strong></span> <span class='ocrx_word' id='word_1_53' title='bbox 1630 812 1763 859; x_wconf 83' lang='lat' dir='ltr'>ignem</span> <span class='ocrx_word' id='word_1_54' title='bbox 1775 809 1890 856; x_wconf 82' lang='lat' dir='ltr'><strong>illum</strong></span> 
     </span>
     <span class='ocr_line' id='line_1_9' title="bbox 347 860 1887 913; baseline 0.003 -15"><span class='ocrx_word' id='word_1_55' title='bbox 347 861 557 912; x_wconf 80' lang='lat' dir='ltr'><strong>aethereum</strong></span> <span class='ocrx_word' id='word_1_56' title='bbox 567 874 653 899; x_wconf 89' lang='lat' dir='ltr'><strong>non</strong></span> <span class='ocrx_word' id='word_1_57' title='bbox 667 860 770 899; x_wconf 77' lang='lat' dir='ltr'><strong>male</strong></span> <span class='ocrx_word' id='word_1_58' title='bbox 783 862 897 911; x_wconf 61' lang='lat' dir='ltr'><strong>deligi</strong></span> <span class='ocrx_word' id='word_1_59' title='bbox 898 873 967 899; x_wconf 67' lang='lat' dir='ltr'><strong>at.</strong></span> <span class='ocrx_word' id='word_1_60' title='bbox 1024 864 1096 900; x_wconf 83' lang='lat' dir='ltr'><strong>Sed</strong></span> <span class='ocrx_word' id='word_1_61' title='bbox 1122 864 1215 912; x_wconf 68' lang='lat' dir='ltr'><strong>quid</strong></span> <span class='ocrx_word' id='word_1_62' title='bbox 1232 864 1357 913; x_wconf 81' lang='lat' dir='ltr'><strong>Mysta</strong></span> <span class='ocrx_word' id='word_1_63' title='bbox 1374 864 1463 902; x_wconf 83' lang='lat' dir='ltr'><strong>velit</strong></span> <span class='ocrx_word' id='word_1_64' title='bbox 1481 874 1652 912; x_wconf 87' lang='lat' dir='ltr'><strong>quatuor</strong></span> <span class='ocrx_word' id='word_1_65' title='bbox 1662 865 1864 908; x_wconf 76' lang='lat' dir='ltr'><strong>elementis</strong></span> <span class='ocrx_word' id='word_1_66' title='bbox 1876 894 1887 910; x_wconf 84' lang='lat'>‚</span> 
     </span>
     <span class='ocr_line' id='line_1_10' title="bbox 345 913 1889 968; baseline 0.003 -14"><span class='ocrx_word' id='word_1_67' title='bbox 345 913 552 955; x_wconf 84' lang='lat' dir='ltr'><strong>difficulter</strong></span> <span class='ocrx_word' id='word_1_68' title='bbox 562 916 705 966; x_wconf 78' lang='lat' dir='ltr'>assequi</span> <span class='ocrx_word' id='word_1_69' title='bbox 720 920 742 954; x_wconf 85' lang='lat' dir='ltr'><strong>li</strong></span> <span class='ocrx_word' id='word_1_70' title='bbox 748 927 812 953; x_wconf 75' lang='lat' dir='ltr'><strong>cer</strong></span> <span class='ocrx_word' id='word_1_71' title='bbox 875 919 933 955; x_wconf 66' lang='lat' dir='ltr'><strong>Sei</strong></span> <span class='ocrx_word' id='word_1_72' title='bbox 956 931 1000 955; x_wconf 82' lang='lat' dir='ltr'><strong>ur</strong></span> <span class='ocrx_word' id='word_1_73' title='bbox 1014 920 1334 968; x_wconf 71' lang='lat' dir='ltr'><strong>omniaquuuor</strong></span> <span class='ocrx_word' id='word_1_74' title='bbox 1345 920 1544 956; x_wconf 84' lang='lat' dir='ltr'><strong>elementis</strong></span> <span class='ocrx_word' id='word_1_75' title='bbox 1555 921 1740 958; x_wconf 88' lang='lat' dir='ltr'><strong>constare:</strong></span> <span class='ocrx_word' id='word_1_76' title='bbox 1765 921 1889 959; x_wconf 86' lang='lat' dir='ltr'><strong>Scitur</strong></span> 
     </span>
     <span class='ocr_line' id='line_1_11' title="bbox 344 971 1888 1026; baseline 0.003 -16"><span class='ocrx_word' id='word_1_77' title='bbox 344 971 548 1022; x_wconf 79' lang='lat' dir='ltr'><strong>absqueijs</strong></span> <span class='ocrx_word' id='word_1_78' title='bbox 563 973 796 1013; x_wconf 74' lang='lat' dir='ltr'><strong>nihilviram</strong></span> <span class='ocrx_word' id='word_1_79' title='bbox 811 973 954 1010; x_wconf 64' lang='lat' dir='ltr'><strong>habere</strong></span> <span class='ocrx_word' id='word_1_80' title='bbox 970 973 1080 1022; x_wconf 62' lang='lat' dir='ltr'><strong>poffe.</strong></span> <span class='ocrx_word' id='word_1_81' title='bbox 1142 975 1216 1011; x_wconf 79' lang='lat' dir='ltr'><strong>Sed</strong></span> <span class='ocrx_word' id='word_1_82' title='bbox 1239 975 1333 1023; x_wconf 82' lang='lat' dir='ltr'><strong>quid</strong></span> <span class='ocrx_word' id='word_1_83' title='bbox 1356 974 1450 1012; x_wconf 89' lang='lat' dir='ltr'><strong>hinc</strong></span> <span class='ocrx_word' id='word_1_84' title='bbox 1476 974 1570 1012; x_wconf 85' lang='lat' dir='ltr'><strong>sacri</strong></span> <span class='ocrx_word' id='word_1_85' title='bbox 1591 977 1723 1026; x_wconf 86' lang='lat' dir='ltr'><strong>colligi</strong></span> <span class='ocrx_word' id='word_1_86' title='bbox 1737 977 1888 1025; x_wconf 70' lang='lat' dir='ltr'><strong>potest?</strong></span> 
     </span>
     <span class='ocr_line' id='line_1_12' title="bbox 343 1028 1888 1080; baseline 0.002 -14"><span class='ocrx_word' id='word_1_87' title='bbox 343 1028 443 1066; x_wconf 88' lang='lat' dir='ltr'><strong>Non</strong></span> <span class='ocrx_word' id='word_1_88' title='bbox 457 1028 833 1080; x_wconf 79' lang='lat' dir='ltr'><strong>dubitandu1n‚quin</strong></span> <span class='ocrx_word' id='word_1_89' title='bbox 849 1028 1009 1066; x_wconf 69' lang='lat' dir='ltr'><strong>obscura</strong></span> <span class='ocrx_word' id='word_1_90' title='bbox 1036 1030 1113 1067; x_wconf 57' lang='grc' dir='ltr'><strong>ᾕρεε</strong></span> <span class='ocrx_word' id='word_1_91' title='bbox 1137 1030 1423 1079; x_wconf 76' lang='lat' dir='ltr'><strong>Hierographia</strong></span> <span class='ocrx_word' id='word_1_92' title='bbox 1442 1030 1593 1078; x_wconf 84' lang='lat' dir='ltr'><strong>aliquid</strong></span> <span class='ocrx_word' id='word_1_93' title='bbox 1612 1033 1742 1069; x_wconf 90' lang='lat' dir='ltr'><strong>maius</strong></span> <span class='ocrx_word' id='word_1_94' title='bbox 1761 1043 1834 1080; x_wconf 87' lang='lat' dir='ltr'><strong>prae</strong></span> <span class='ocrx_word' id='word_1_95' title='bbox 1851 1032 1888 1069; x_wconf 82' lang='lat' dir='ltr'><strong>se</strong></span> 
     </span>
     <span class='ocr_line' id='line_1_13' title="bbox 342 1082 1888 1136; baseline 0.003 -16"><span class='ocrx_word' id='word_1_96' title='bbox 342 1083 443 1121; x_wconf 79' lang='lat' dir='ltr'><strong>ferat</strong></span> <span class='ocrx_word' id='word_1_97' title='bbox 455 1110 466 1129; x_wconf 84' lang='lat'>‚</span> <span class='ocrx_word' id='word_1_98' title='bbox 478 1082 600 1132; x_wconf 64' lang='lat' dir='ltr'><strong>quam</strong></span> <span class='ocrx_word' id='word_1_99' title='bbox 614 1084 736 1132; x_wconf 85' lang='lat' dir='ltr'><strong>prima</strong></span> <span class='ocrx_word' id='word_1_100' title='bbox 749 1083 880 1121; x_wconf 81' lang='lat' dir='ltr'><strong>fronte</strong></span> <span class='ocrx_word' id='word_1_101' title='bbox 894 1098 912 1121; x_wconf 79' lang='lat' dir='ltr'><strong>a</strong></span> <span class='ocrx_word' id='word_1_102' title='bbox 922 1097 967 1132; x_wconf 64' lang='lat' dir='ltr'><strong>pp</strong></span> <span class='ocrx_word' id='word_1_103' title='bbox 984 1097 1065 1122; x_wconf 52' lang='lat' dir='ltr'><strong>aret.</strong></span> <span class='ocrx_word' id='word_1_104' title='bbox 1114 1086 1202 1122; x_wconf 81' lang='lat' dir='ltr'><strong>Hoc</strong></span> <span class='ocrx_word' id='word_1_105' title='bbox 1217 1084 1372 1134; x_wconf 69' lang='lat' dir='ltr'><strong>nempe:</strong></span> <span class='ocrx_word' id='word_1_106' title='bbox 1387 1096 1426 1122; x_wconf 88' lang='lat' dir='ltr'><strong>ut</strong></span> <span class='ocrx_word' id='word_1_107' title='bbox 1440 1086 1507 1122; x_wconf 86' lang='lat' dir='ltr'><strong>Sol</strong></span> <span class='ocrx_word' id='word_1_108' title='bbox 1521 1087 1638 1124; x_wconf 85' lang='lat' dir='ltr'><strong>nobis</strong></span> <span class='ocrx_word' id='word_1_109' title='bbox 1651 1087 1888 1136; x_wconf 80' lang='lat' dir='ltr'><strong>conspicuus</strong></span> 
     </span>
     <span class='ocr_line' id='line_1_14' title="bbox 342 1137 1887 1191; baseline 0.003 -15"><span class='ocrx_word' id='word_1_110' title='bbox 342 1140 482 1177; x_wconf 86' lang='lat' dir='ltr'><strong>omnia</strong></span> <span class='ocrx_word' id='word_1_111' title='bbox 497 1137 569 1187; x_wconf 84' lang='lat' dir='ltr'><strong>suo</strong></span> <span class='ocrx_word' id='word_1_112' title='bbox 583 1148 699 1176; x_wconf 85' lang='lat' dir='ltr'><strong>motu</strong></span> <span class='ocrx_word' id='word_1_113' title='bbox 712 1166 722 1182; x_wconf 93' lang='lat'><strong>,</strong></span> <span class='ocrx_word' id='word_1_114' title='bbox 746 1140 831 1176; x_wconf 85' lang='lat' dir='ltr'><strong>lucc</strong></span> <span class='ocrx_word' id='word_1_115' title='bbox 844 1141 1026 1189; x_wconf 73' lang='lat' dir='ltr'><strong>&amp;calore</strong></span> <span class='ocrx_word' id='word_1_116' title='bbox 1040 1143 1143 1189; x_wconf 65' lang='lat' dir='ltr'><strong>regit:</strong></span> <span class='ocrx_word' id='word_1_117' title='bbox 1163 1141 1323 1178; x_wconf 87' lang='lat' dir='ltr'><strong>frondes</strong></span> <span class='ocrx_word' id='word_1_118' title='bbox 1338 1139 1553 1190; x_wconf 76' lang='lat' dir='ltr'><strong>herbasque</strong></span> <span class='ocrx_word' id='word_1_119' title='bbox 1567 1144 1730 1180; x_wconf 85' lang='lat' dir='ltr'><strong>virentes</strong></span> <span class='ocrx_word' id='word_1_120' title='bbox 1743 1143 1887 1191; x_wconf 88' lang='lat' dir='ltr'><strong>produ-</strong></span> 
     </span>
     <span class='ocr_line' id='line_1_15' title="bbox 340 1194 1887 1246; baseline 0.003 -14"><span class='ocrx_word' id='word_1_121' title='bbox 340 1196 404 1238; x_wconf 80' lang='lat' dir='ltr'><strong>cit,</strong></span> <span class='ocrx_word' id='word_1_122' title='bbox 418 1194 661 1243; x_wconf 83' lang='lat' dir='ltr'><strong>tempestates</strong></span> <span class='ocrx_word' id='word_1_123' title='bbox 674 1196 845 1232; x_wconf 78' lang='lat' dir='ltr'><strong>marinas</strong></span> <span class='ocrx_word' id='word_1_124' title='bbox 861 1224 870 1239; x_wconf 98' lang='lat'><strong>,</strong></span> <span class='ocrx_word' id='word_1_125' title='bbox 891 1207 936 1233; x_wconf 80' lang='lat' dir='ltr'><strong>ac</strong></span> <span class='ocrx_word' id='word_1_126' title='bbox 968 1208 1176 1234; x_wconf 83' lang='lat' dir='ltr'><strong>ventorum</strong></span> <span class='ocrx_word' id='word_1_127' title='bbox 1204 1199 1376 1236; x_wconf 80' lang='lat' dir='ltr'><strong>tormina</strong></span> <span class='ocrx_word' id='word_1_128' title='bbox 1400 1199 1436 1234; x_wconf 85' lang='lat'>&amp;</span> <span class='ocrx_word' id='word_1_129' title='bbox 1453 1198 1652 1246; x_wconf 57' lang='lat' dir='ltr'><strong>procellas,</strong></span> <span class='ocrx_word' id='word_1_130' title='bbox 1667 1198 1819 1235; x_wconf 90' lang='lat' dir='ltr'><strong>lumine</strong></span> <span class='ocrx_word' id='word_1_131' title='bbox 1840 1209 1887 1236; x_wconf 85' lang='lat' dir='ltr'><strong>ac</strong></span> 
     </span>
     <span class='ocr_line' id='line_1_16' title="bbox 338 1247 1886 1300; baseline 0.003 -13"><span class='ocrx_word' id='word_1_132' title='bbox 338 1247 537 1300; x_wconf 83' lang='lat' dir='ltr'><strong>praesentia</strong></span> <span class='ocrx_word' id='word_1_133' title='bbox 559 1249 624 1287; x_wconf 86' lang='lat' dir='ltr'><strong>sua</strong></span> <span class='ocrx_word' id='word_1_134' title='bbox 640 1251 881 1294; x_wconf 73' lang='lat' dir='ltr'>moderatur,</span> <span class='ocrx_word' id='word_1_135' title='bbox 897 1251 1274 1300; x_wconf 67' lang='lat' dir='ltr'><strong>compescitacregit.</strong></span> <span class='ocrx_word' id='word_1_136' title='bbox 1334 1254 1389 1290; x_wconf 83' lang='lat' dir='ltr'><strong>Ita</strong></span> <span class='ocrx_word' id='word_1_137' title='bbox 1407 1252 1538 1290; x_wconf 84' lang='lat' dir='ltr'><strong>Solem</strong></span> <span class='ocrx_word' id='word_1_138' title='bbox 1554 1253 1668 1291; x_wconf 88' lang='lat' dir='ltr'><strong>illum</strong></span> <span class='ocrx_word' id='word_1_139' title='bbox 1688 1254 1886 1296; x_wconf 85' lang='lat' dir='ltr'><strong>coelestem</strong></span> 
     </span>
     <span class='ocr_line' id='line_1_17' title="bbox 337 1304 1886 1357; baseline 0.002 -13"><span class='ocrx_word' id='word_1_140' title='bbox 337 1304 471 1344; x_wconf 85' lang='lat' dir='ltr'><strong>nostra</strong></span> <span class='ocrx_word' id='word_1_141' title='bbox 483 1307 624 1344; x_wconf 85' lang='lat' dir='ltr'><strong>omnia</strong></span> <span class='ocrx_word' id='word_1_142' title='bbox 648 1307 807 1354; x_wconf 81' lang='lat' dir='ltr'><strong>negotia</strong></span> <span class='ocrx_word' id='word_1_143' title='bbox 822 1307 868 1344; x_wconf 85' lang='lat' dir='ltr'><strong>ad</strong></span> <span class='ocrx_word' id='word_1_144' title='bbox 883 1307 1039 1343; x_wconf 87' lang='lat' dir='ltr'><strong>bonum</strong></span> <span class='ocrx_word' id='word_1_145' title='bbox 1060 1306 1180 1343; x_wconf 89' lang='lat' dir='ltr'><strong>finem</strong></span> <span class='ocrx_word' id='word_1_146' title='bbox 1201 1307 1385 1357; x_wconf 84' lang='lat' dir='ltr'><strong>dirigere,</strong></span> <span class='ocrx_word' id='word_1_147' title='bbox 1406 1320 1450 1345; x_wconf 85' lang='lat' dir='ltr'><strong>ac</strong></span> <span class='ocrx_word' id='word_1_148' title='bbox 1463 1309 1577 1355; x_wconf 84' lang='lat' dir='ltr'><strong>varijs</strong></span> <span class='ocrx_word' id='word_1_149' title='bbox 1596 1309 1886 1347; x_wconf 77' lang='lat' dir='ltr'>calamitatibus</span> 
     </span>
     <span class='ocr_line' id='line_1_18' title="bbox 335 1358 1883 1412; baseline 0.002 -12"><span class='ocrx_word' id='word_1_150' title='bbox 335 1360 547 1411; x_wconf 82' lang='lat' dir='ltr'><strong>oppressos,</strong></span> <span class='ocrx_word' id='word_1_151' title='bbox 574 1358 823 1411; x_wconf 74' lang='lat' dir='ltr'><strong>fortunaeque</strong></span> <span class='ocrx_word' id='word_1_152' title='bbox 842 1363 1006 1410; x_wconf 76' lang='lat' dir='ltr'><strong>injurijS,</strong></span> <span class='ocrx_word' id='word_1_153' title='bbox 1030 1374 1075 1399; x_wconf 84' lang='lat' dir='ltr'><strong>ac</strong></span> <span class='ocrx_word' id='word_1_154' title='bbox 1098 1363 1276 1412; x_wconf 87' lang='lat' dir='ltr'><strong>procellis</strong></span> <span class='ocrx_word' id='word_1_155' title='bbox 1291 1364 1471 1412; x_wconf 67' lang='lat' dir='ltr'><strong>jastatos,</strong></span> <span class='ocrx_word' id='word_1_156' title='bbox 1489 1362 1754 1409; x_wconf 81' lang='lat' dir='ltr'><strong>ineffabilisua</strong></span> <span class='ocrx_word' id='word_1_157' title='bbox 1766 1364 1883 1404; x_wconf 87' lang='lat' dir='ltr'><strong>boni-</strong></span> 
     </span>
     <span class='ocr_line' id='line_1_19' title="bbox 337 1416 637 1457; baseline -0.003 -2"><span class='ocrx_word' id='word_1_158' title='bbox 337 1426 414 1457; x_wconf 80' lang='lat' dir='ltr'><strong>tate</strong></span> <span class='ocrx_word' id='word_1_159' title='bbox 426 1416 637 1455; x_wconf 70' lang='lat' dir='ltr'><strong>sublevare,</strong></span> 
     </span>
    </p>
   </div>
   <div class='ocr_carea' id='block_1_4' title="bbox 702 1525 1519 1598">
    <p class='ocr_par' dir='ltr' id='par_1_4' title="bbox 702 1525 1519 1598">
     <span class='ocr_line' id='line_1_20' title="bbox 702 1525 1519 1598; baseline 0.005 -21"><span class='ocrx_word' id='word_1_160' title='bbox 702 1527 1099 1598; x_wconf 77' lang='lat' dir='ltr'>PROBASTI</span> <span class='ocrx_word' id='word_1_161' title='bbox 1158 1525 1519 1581; x_wconf 86' lang='lat' dir='ltr'><strong>DOMINE·</strong></span> 
     </span>
    </p>
   </div>
   <div class='ocr_carea' id='block_1_5' title="bbox 325 1620 1880 2175">
    <p class='ocr_par' dir='ltr' id='par_1_5' title="bbox 325 1620 1880 2175">
     <span class='ocr_line' id='line_1_21' title="bbox 487 1620 1880 1675; baseline -0.001 -14"><span class='ocrx_word' id='word_1_162' title='bbox 487 1621 527 1661; x_wconf 91' lang='lat' dir='ltr'>A</span> <span class='ocrx_word' id='word_1_163' title='bbox 541 1621 743 1661; x_wconf 84' lang='lat' dir='ltr'><strong>Franciseo</strong></span> <span class='ocrx_word' id='word_1_164' title='bbox 754 1624 950 1675; x_wconf 78' lang='lat' dir='ltr'><strong>Gonzaga</strong></span> <span class='ocrx_word' id='word_1_165' title='bbox 971 1624 1173 1674; x_wconf 84' lang='lat' dir='ltr'><strong>desumpta</strong></span> <span class='ocrx_word' id='word_1_166' title='bbox 1186 1624 1236 1662; x_wconf 88' lang='lat' dir='ltr'><strong>est</strong></span> <span class='ocrx_word' id='word_1_167' title='bbox 1250 1624 1330 1661; x_wconf 78' lang='lat' dir='ltr'><strong>haec</strong></span> <span class='ocrx_word' id='word_1_168' title='bbox 1343 1621 1646 1673; x_wconf 80' lang='lat' dir='ltr'><strong>Hierographia‚</strong></span> <span class='ocrx_word' id='word_1_169' title='bbox 1659 1620 1778 1670; x_wconf 87' lang='lat' dir='ltr'><strong>quise</strong></span> <span class='ocrx_word' id='word_1_170' title='bbox 1789 1621 1880 1662; x_wconf 73' lang='lat' dir='ltr'><strong>fide-</strong></span> 
     </span>
     <span class='ocr_line' id='line_1_22' title="bbox 333 1676 1878 1732; baseline -0.002 -14"><span class='ocrx_word' id='word_1_171' title='bbox 333 1679 413 1718; x_wconf 80' lang='lat' dir='ltr'><strong>lem</strong></span> <span class='ocrx_word' id='word_1_172' title='bbox 434 1677 573 1717; x_wconf 80' lang='lat' dir='ltr'><strong>Caesari</strong></span> <span class='ocrx_word' id='word_1_173' title='bbox 595 1677 719 1723; x_wconf 79' lang='lat' dir='ltr'><strong>fuifl&#39;e,</strong></span> <span class='ocrx_word' id='word_1_174' title='bbox 745 1692 791 1718; x_wconf 87' lang='lat' dir='ltr'><strong>ac</strong></span> <span class='ocrx_word' id='word_1_175' title='bbox 803 1692 943 1718; x_wconf 84' lang='lat' dir='ltr'><strong>omnes</strong></span> <span class='ocrx_word' id='word_1_176' title='bbox 957 1680 1201 1730; x_wconf 78' lang='lat' dir='ltr'><strong>probationis</strong></span> <span class='ocrx_word' id='word_1_177' title='bbox 1221 1681 1364 1717; x_wconf 88' lang='lat' dir='ltr'><strong>modos</strong></span> <span class='ocrx_word' id='word_1_178' title='bbox 1378 1680 1389 1727; x_wconf 95' lang='lat'><strong>(</strong></span> <span class='ocrx_word' id='word_1_179' title='bbox 1403 1680 1485 1716; x_wconf 87' lang='lat' dir='ltr'><strong>auri</strong></span> <span class='ocrx_word' id='word_1_180' title='bbox 1500 1678 1640 1732; x_wconf 83' lang='lat' dir='ltr'><strong>instar)</strong></span> <span class='ocrx_word' id='word_1_181' title='bbox 1654 1676 1878 1724; x_wconf 75' lang='lat' dir='ltr'><strong>sustinuisse,</strong></span> 
     </span>
     <span class='ocr_line' id='line_1_23' title="bbox 331 1733 1879 1786; baseline -0.002 -13"><span class='ocrx_word' id='word_1_182' title='bbox 331 1735 561 1773; x_wconf 86' lang='lat' dir='ltr'><strong>ostenderat:</strong></span> <span class='ocrx_word' id='word_1_183' title='bbox 593 1734 848 1784; x_wconf 80' lang='lat' dir='ltr'>Conspicitur</span> <span class='ocrx_word' id='word_1_184' title='bbox 859 1739 965 1773; x_wconf 88' lang='lat' dir='ltr'><strong>enim</strong></span> <span class='ocrx_word' id='word_1_185' title='bbox 982 1733 1048 1773; x_wconf 80' lang='lat' dir='ltr'><strong>hic</strong></span> <span class='ocrx_word' id='word_1_186' title='bbox 1072 1737 1210 1774; x_wconf 85' lang='lat' dir='ltr'><strong>furnus</strong></span> <span class='ocrx_word' id='word_1_187' title='bbox 1224 1737 1388 1786; x_wconf 74' lang='lat' dir='ltr'><strong>ignitus,</strong></span> <span class='ocrx_word' id='word_1_188' title='bbox 1405 1746 1449 1771; x_wconf 90' lang='lat' dir='ltr'><strong>ac</strong></span> <span class='ocrx_word' id='word_1_189' title='bbox 1459 1734 1629 1783; x_wconf 79' lang='lat' dir='ltr'><strong>tigillum</strong></span> <span class='ocrx_word' id='word_1_190' title='bbox 1651 1736 1735 1770; x_wconf 87' lang='lat' dir='ltr'><strong>auri</strong></span> <span class='ocrx_word' id='word_1_191' title='bbox 1754 1735 1879 1783; x_wconf 81' lang='lat' dir='ltr'><strong>virgu-</strong></span> 
     </span>
     <span class='ocr_line' id='line_1_24' title="bbox 328 1787 1880 1842; baseline -0.003 -13"><span class='ocrx_word' id='word_1_192' title='bbox 328 1791 376 1830; x_wconf 86' lang='lat' dir='ltr'><strong>lis</strong></span> <span class='ocrx_word' id='word_1_193' title='bbox 396 1790 444 1828; x_wconf 85' lang='lat' dir='ltr'><strong>ad</strong></span> <span class='ocrx_word' id='word_1_194' title='bbox 460 1790 656 1828; x_wconf 76' lang='lat' dir='ltr'>fusionem</span> <span class='ocrx_word' id='word_1_195' title='bbox 672 1792 849 1840; x_wconf 86' lang='lat' dir='ltr'><strong>plenum,</strong></span> <span class='ocrx_word' id='word_1_196' title='bbox 864 1794 944 1842; x_wconf 75' lang='lat' dir='ltr'><strong>igni</strong></span> <span class='ocrx_word' id='word_1_197' title='bbox 963 1792 1206 1840; x_wconf 76' lang='lat' dir='ltr'><strong>impolitum.</strong></span> <span class='ocrx_word' id='word_1_198' title='bbox 1261 1787 1447 1828; x_wconf 74' lang='lat' dir='ltr'><strong>Forteiste</strong></span> <span class='ocrx_word' id='word_1_199' title='bbox 1458 1790 1640 1837; x_wconf 84' lang='lat' dir='ltr'><strong>Princeps</strong></span> <span class='ocrx_word' id='word_1_200' title='bbox 1654 1788 1880 1826; x_wconf 69' lang='lat' dir='ltr'><strong>seaCaesare</strong></span> 
     </span>
     <span class='ocr_line' id='line_1_25' title="bbox 329 1842 1877 1895; baseline -0.001 -11"><span class='ocrx_word' id='word_1_201' title='bbox 329 1846 467 1885; x_wconf 83' lang='lat' dir='ltr'><strong>nostro</strong></span> <span class='ocrx_word' id='word_1_202' title='bbox 482 1846 705 1895; x_wconf 85' lang='lat' dir='ltr'><strong>Rudolpho</strong></span> <span class='ocrx_word' id='word_1_203' title='bbox 719 1848 929 1895; x_wconf 86' lang='lat' dir='ltr'><strong>probatum</strong></span> <span class='ocrx_word' id='word_1_204' title='bbox 943 1849 1054 1895; x_wconf 59' lang='lat' dir='ltr'><strong>varijs</strong></span> <span class='ocrx_word' id='word_1_205' title='bbox 1076 1848 1222 1890; x_wconf 90' lang='lat' dir='ltr'><strong>modis,</strong></span> <span class='ocrx_word' id='word_1_206' title='bbox 1248 1858 1293 1884; x_wconf 87' lang='lat' dir='ltr'><strong>ac</strong></span> <span class='ocrx_word' id='word_1_207' title='bbox 1306 1846 1497 1883; x_wconf 85' lang='lat' dir='ltr'><strong>finccrum</strong></span> <span class='ocrx_word' id='word_1_208' title='bbox 1511 1842 1719 1893; x_wconf 79' lang='lat' dir='ltr'><strong>fidumque</strong></span> <span class='ocrx_word' id='word_1_209' title='bbox 1742 1845 1877 1883; x_wconf 79' lang='lat' dir='ltr'><strong>inven-</strong></span> 
     </span>
     <span class='ocr_line' id='line_1_26' title="bbox 328 1899 1878 1966; baseline -0.001 -26"><span class='ocrx_word' id='word_1_210' title='bbox 328 1912 430 1945; x_wconf 83' lang='lat' dir='ltr'><strong>tum,</strong></span> <span class='ocrx_word' id='word_1_211' title='bbox 447 1901 622 1951; x_wconf 81' lang='lat' dir='ltr'><strong>sibiipsi</strong></span> <span class='ocrx_word' id='word_1_212' title='bbox 605 1903 833 1941; x_wconf 55' lang='lat' dir='ltr'><strong>gratulatur.</strong></span> <span class='ocrx_word' id='word_1_213' title='bbox 869 1902 871 1904; x_wconf 79' lang='grc'><strong>’</strong></span> <span class='ocrx_word' id='word_1_214' title='bbox 881 1903 998 1966; x_wconf 77' lang='lat' dir='ltr'><strong>Qid</strong></span> <span class='ocrx_word' id='word_1_215' title='bbox 1015 1905 1123 1940; x_wconf 88' lang='lat' dir='ltr'><strong>enim</strong></span> <span class='ocrx_word' id='word_1_216' title='bbox 1142 1904 1359 1952; x_wconf 84' lang='lat' dir='ltr'><strong>principem</strong></span> <span class='ocrx_word' id='word_1_217' title='bbox 1375 1902 1500 1951; x_wconf 72' lang='lat' dir='ltr'><strong>magis</strong></span> <span class='ocrx_word' id='word_1_218' title='bbox 1512 1901 1633 1943; x_wconf 84' lang='lat' dir='ltr'><strong>decet,</strong></span> <span class='ocrx_word' id='word_1_219' title='bbox 1647 1899 1767 1947; x_wconf 69' lang='lat' dir='ltr'><strong>quam</strong></span> <span class='ocrx_word' id='word_1_220' title='bbox 1780 1899 1878 1938; x_wconf 91' lang='lat' dir='ltr'><strong>fides</strong></span> 
     </span>
     <span class='ocr_line' id='line_1_27' title="bbox 329 1956 1875 2007; baseline -0.003 -10"><span class='ocrx_word' id='word_1_221' title='bbox 329 1961 368 1997; x_wconf 70' lang='grc' dir='ltr'><strong>ὅ(</strong></span> <span class='ocrx_word' id='word_1_222' title='bbox 383 1958 482 1994; x_wconf 86' lang='lat' dir='ltr'><strong>boni</strong></span> <span class='ocrx_word' id='word_1_223' title='bbox 505 1956 660 1995; x_wconf 87' lang='lat' dir='ltr'><strong>conscia</strong></span> <span class='ocrx_word' id='word_1_224' title='bbox 675 1969 800 2001; x_wconf 86' lang='lat' dir='ltr'><strong>mens,</strong></span> <span class='ocrx_word' id='word_1_225' title='bbox 821 1960 961 2006; x_wconf 82' lang='lat' dir='ltr'><strong>quietis</strong></span> <span class='ocrx_word' id='word_1_226' title='bbox 987 1958 1190 2007; x_wconf 71' lang='lat' dir='ltr'><strong>laudisque</strong></span> <span class='ocrx_word' id='word_1_227' title='bbox 1203 1968 1346 1995; x_wconf 84' lang='lat' dir='ltr'><strong>aeternae</strong></span> <span class='ocrx_word' id='word_1_228' title='bbox 1358 1969 1401 1993; x_wconf 84' lang='lat' dir='ltr'><strong>ac</strong></span> <span class='ocrx_word' id='word_1_229' title='bbox 1414 1957 1647 1995; x_wconf 77' lang='lat' dir='ltr'><strong>immortalis</strong></span> <span class='ocrx_word' id='word_1_230' title='bbox 1666 1956 1875 2004; x_wconf 79' lang='lat' dir='ltr'><strong>pabulum?</strong></span> 
     </span>
     <span class='ocr_line' id='line_1_28' title="bbox 329 2009 1876 2064; baseline -0.002 -13"><span class='ocrx_word' id='word_1_231' title='bbox 329 2013 522 2051; x_wconf 85' lang='lat' dir='ltr'><strong>Sidivinis</strong></span> <span class='ocrx_word' id='word_1_232' title='bbox 545 2011 734 2062; x_wconf 82' lang='lat' dir='ltr'><strong>sacrisque</strong></span> <span class='ocrx_word' id='word_1_233' title='bbox 761 2014 1070 2052; x_wconf 83' lang='lat' dir='ltr'><strong>accommodare</strong></span> <span class='ocrx_word' id='word_1_234' title='bbox 1091 2014 1186 2064; x_wconf 83' lang='lat' dir='ltr'><strong>Sym</strong></span> <span class='ocrx_word' id='word_1_235' title='bbox 1190 2014 1332 2051; x_wconf 83' lang='lat' dir='ltr'><strong>bolum</strong></span> <span class='ocrx_word' id='word_1_236' title='bbox 1358 2012 1546 2049; x_wconf 84' lang='lat' dir='ltr'><strong>velimus:</strong></span> <span class='ocrx_word' id='word_1_237' title='bbox 1571 2012 1670 2049; x_wconf 86' lang='lat' dir='ltr'><strong>nihil</strong></span> <span class='ocrx_word' id='word_1_238' title='bbox 1697 2009 1876 2060; x_wconf 61' lang='lat' dir='ltr'><strong>profedko</strong></span> 
     </span>
     <span class='ocr_line' id='line_1_29' title="bbox 325 2065 1876 2129; baseline 0 -23"><span class='ocrx_word' id='word_1_239' title='bbox 325 2068 484 2120; x_wconf 83' lang='lat' dir='ltr'><strong>gratius,</strong></span> <span class='ocrx_word' id='word_1_240' title='bbox 502 2068 725 2113; x_wconf 83' lang='lat' dir='ltr'><strong>jucundius,</strong></span> <span class='ocrx_word' id='word_1_241' title='bbox 740 2069 934 2118; x_wconf 79' lang='lat' dir='ltr'><strong>acceptius</strong></span> <span class='ocrx_word' id='word_1_242' title='bbox 944 2082 988 2107; x_wconf 83' lang='lat' dir='ltr'><strong>ac</strong></span> <span class='ocrx_word' id='word_1_243' title='bbox 998 2068 1108 2117; x_wconf 90' lang='lat' dir='ltr'><strong>quod</strong></span> <span class='ocrx_word' id='word_1_244' title='bbox 1122 2072 1246 2119; x_wconf 81' lang='lat' dir='ltr'><strong>magis</strong></span> <span class='ocrx_word' id='word_1_245' title='bbox 1262 2069 1446 2106; x_wconf 82' lang='lat' dir='ltr'><strong>solatium</strong></span> <span class='ocrx_word' id='word_1_246' title='bbox 1461 2070 1635 2128; x_wconf 65' lang='lat' dir='ltr'><strong>pratbeat,</strong></span> <span class='ocrx_word' id='word_1_247' title='bbox 1649 2065 1719 2103; x_wconf 86' lang='lat' dir='ltr'><strong>effe</strong></span> <span class='ocrx_word' id='word_1_248' title='bbox 1733 2066 1874 2129; x_wconf 71' lang='lat' dir='ltr'><strong>potest⁴</strong></span> <span class='ocrx_word' id='word_1_249' title='bbox 1865 2089 1876 2106; x_wconf 75' lang='lat'><em>2</em></span> 
     </span>
     <span class='ocr_line' id='line_1_30' title="bbox 329 2123 1875 2175; baseline -0.001 -14"><span class='ocrx_word' id='word_1_250' title='bbox 329 2137 466 2172; x_wconf 85' lang='lat' dir='ltr'><strong>quam,</strong></span> <span class='ocrx_word' id='word_1_251' title='bbox 485 2123 723 2162; x_wconf 88' lang='lat' dir='ltr'><strong>conscicntia</strong></span> <span class='ocrx_word' id='word_1_252' title='bbox 745 2125 859 2170; x_wconf 90' lang='lat' dir='ltr'><strong>teste,</strong></span> <span class='ocrx_word' id='word_1_253' title='bbox 882 2125 1042 2164; x_wconf 85' lang='lat' dir='ltr'><strong>firmam</strong></span> <span class='ocrx_word' id='word_1_254' title='bbox 1062 2125 1152 2163; x_wconf 86' lang='lat' dir='ltr'><strong>Deo</strong></span> <span class='ocrx_word' id='word_1_255' title='bbox 1165 2123 1365 2175; x_wconf 76' lang='lat' dir='ltr'><strong>praestitisse</strong></span> <span class='ocrx_word' id='word_1_256' title='bbox 1388 2124 1505 2161; x_wconf 81' lang='lat' dir='ltr'><strong>etiam</strong></span> <span class='ocrx_word' id='word_1_257' title='bbox 1520 2125 1560 2159; x_wconf 86' lang='lat' dir='ltr'><strong>in</strong></span> <span class='ocrx_word' id='word_1_258' title='bbox 1578 2124 1763 2160; x_wconf 82' lang='lat' dir='ltr'><strong>maximis</strong></span> <span class='ocrx_word' id='word_1_259' title='bbox 1777 2124 1875 2172; x_wconf 85' lang='lat' dir='ltr'><strong>peri·</strong></span> 
     </span>
    </p>
   </div>
   <div class='ocr_carea' id='block_1_6' title="bbox 324 2178 579 2219">
    <p class='ocr_par' dir='ltr' id='par_1_6' title="bbox 324 2178 579 2219">
     <span class='ocr_line' id='line_1_31' title="bbox 324 2178 579 2219; baseline 0 0"><span class='ocrx_word' id='word_1_260' title='bbox 324 2181 422 2219; x_wconf 87' lang='lat' dir='ltr'><strong>culis</strong></span> <span class='ocrx_word' id='word_1_261' title='bbox 445 2178 579 2219; x_wconf 87' lang='lat' dir='ltr'><strong>fidem.</strong></span> 
     </span>
    </p>
   </div>
   <div class='ocr_carea' id='block_1_7' title="bbox 567 2267 1663 2340">
    <p class='ocr_par' dir='ltr' id='par_1_7' title="bbox 567 2267 1663 2340">
     <span class='ocr_line' id='line_1_32' title="bbox 567 2267 1663 2340; baseline -0.002 -22"><span class='ocrx_word' id='word_1_262' title='bbox 567 2267 613 2340; x_wconf 84' lang='lat' dir='ltr'>A</span> <span class='ocrx_word' id='word_1_263' title='bbox 672 2268 1288 2320; x_wconf 88' lang='lat' dir='ltr'>FUNDAMENTIS</span> <span class='ocrx_word' id='word_1_264' title='bbox 1349 2267 1663 2319; x_wconf 87' lang='lat' dir='ltr'><strong>EREXIT.</strong></span> 
     </span>
    </p>
   </div>
   <div class='ocr_carea' id='block_1_8' title="bbox 317 2360 1873 2857">
    <p class='ocr_par' dir='ltr' id='par_1_8' title="bbox 317 2360 1873 2857">
     <span class='ocr_line' id='line_1_33' title="bbox 474 2360 1872 2416; baseline -0.004 -13"><span class='ocrx_word' id='word_1_265' title='bbox 474 2365 514 2403; x_wconf 86' lang='lat' dir='ltr'><strong>Si</strong></span> <span class='ocrx_word' id='word_1_266' title='bbox 540 2366 627 2414; x_wconf 86' lang='lat' dir='ltr'><strong>quis</strong></span> <span class='ocrx_word' id='word_1_267' title='bbox 649 2365 754 2403; x_wconf 83' lang='lat' dir='ltr'><strong>hanc</strong></span> <span class='ocrx_word' id='word_1_268' title='bbox 789 2363 956 2416; x_wconf 76' lang='lat' dir='ltr'><strong>figuram</strong></span> <span class='ocrx_word' id='word_1_269' title='bbox 981 2366 1184 2416; x_wconf 80' lang='lat' dir='ltr'><strong>diligenter</strong></span> <span class='ocrx_word' id='word_1_270' title='bbox 1205 2365 1469 2414; x_wconf 86' lang='lat' dir='ltr'><strong>contemplari</strong></span> <span class='ocrx_word' id='word_1_271' title='bbox 1493 2365 1608 2408; x_wconf 88' lang='lat' dir='ltr'><strong>velit,</strong></span> <span class='ocrx_word' id='word_1_272' title='bbox 1625 2362 1779 2401; x_wconf 81' lang='lat' dir='ltr'><strong>nullam</strong></span> <span class='ocrx_word' id='word_1_273' title='bbox 1800 2360 1872 2398; x_wconf 83' lang='lat' dir='ltr'><strong>esse</strong></span> 
     </span>
     <span class='ocr_line' id='line_1_34' title="bbox 320 2417 1872 2484; baseline -0.004 -25"><span class='ocrx_word' id='word_1_274' title='bbox 320 2417 655 2484; x_wconf 63' lang='lat' dir='ltr'><strong>Hierograplriam</strong></span> <span class='ocrx_word' id='word_1_275' title='bbox 674 2422 957 2470; x_wconf 73' lang='lat' dir='ltr'><strong>depiehendet,</strong></span> <span class='ocrx_word' id='word_1_276' title='bbox 973 2421 1033 2458; x_wconf 91' lang='lat' dir='ltr'><strong>sed</strong></span> <span class='ocrx_word' id='word_1_277' title='bbox 1052 2422 1208 2459; x_wconf 89' lang='lat' dir='ltr'><strong>tantum</strong></span> <span class='ocrx_word' id='word_1_278' title='bbox 1229 2433 1273 2458; x_wconf 81' lang='lat' dir='ltr'><strong>ex</strong></span> <span class='ocrx_word' id='word_1_279' title='bbox 1282 2421 1424 2458; x_wconf 70' lang='lat' dir='ltr'><strong>struetae</strong></span> <span class='ocrx_word' id='word_1_280' title='bbox 1437 2422 1533 2457; x_wconf 84' lang='lat' dir='ltr'><strong>arcis</strong></span> <span class='ocrx_word' id='word_1_281' title='bbox 1553 2419 1575 2457; x_wconf 72' lang='lat' dir='ltr'><strong>a</strong></span> <span class='ocrx_word' id='word_1_282' title='bbox 1598 2419 1872 2456; x_wconf 83' lang='lat' dir='ltr'><strong>fundamentis</strong></span> 
     </span>
     <span class='ocr_line' id='line_1_35' title="bbox 321 2471 1873 2527; baseline -0.003 -13"><span class='ocrx_word' id='word_1_283' title='bbox 321 2471 576 2514; x_wconf 84' lang='lat' dir='ltr'><strong>memoriam.</strong></span> <span class='ocrx_word' id='word_1_284' title='bbox 633 2478 892 2527; x_wconf 85' lang='lat' dir='ltr'><strong>Qaecunque</strong></span> <span class='ocrx_word' id='word_1_285' title='bbox 903 2487 1034 2514; x_wconf 85' lang='lat' dir='ltr'><strong>autem</strong></span> <span class='ocrx_word' id='word_1_286' title='bbox 1058 2491 1124 2515; x_wconf 86' lang='lat' dir='ltr'><strong>arx</strong></span> <span class='ocrx_word' id='word_1_287' title='bbox 1139 2477 1193 2520; x_wconf 76' lang='lat' dir='ltr'><strong>fit,</strong></span> <span class='ocrx_word' id='word_1_288' title='bbox 1217 2473 1411 2526; x_wconf 75' lang='lat' dir='ltr'><strong>legitime,</strong></span> <span class='ocrx_word' id='word_1_289' title='bbox 1437 2478 1474 2513; x_wconf 66' lang='grc' dir='ltr'><strong>δε</strong></span> <span class='ocrx_word' id='word_1_290' title='bbox 1489 2488 1533 2513; x_wconf 88' lang='lat' dir='ltr'><strong>ex</strong></span> <span class='ocrx_word' id='word_1_291' title='bbox 1548 2486 1630 2512; x_wconf 89' lang='lat' dir='ltr'><strong>arte</strong></span> <span class='ocrx_word' id='word_1_292' title='bbox 1650 2472 1873 2511; x_wconf 63' lang='lat' dir='ltr'><strong>construera</strong></span> 
     </span>
     <span class='ocr_line' id='line_1_36' title="bbox 321 2530 1870 2589; baseline -0.004 -19"><span class='ocrx_word' id='word_1_293' title='bbox 321 2531 393 2570; x_wconf 82' lang='lat' dir='ltr'><strong>effe</strong></span> <span class='ocrx_word' id='word_1_294' title='bbox 407 2542 586 2582; x_wconf 85' lang='lat' dir='ltr'><strong>apparet:</strong></span> <span class='ocrx_word' id='word_1_295' title='bbox 619 2531 840 2581; x_wconf 78' lang='lat' dir='ltr'><strong>Hexagona</strong></span> <span class='ocrx_word' id='word_1_296' title='bbox 860 2534 968 2569; x_wconf 88' lang='lat' dir='ltr'><strong>enim</strong></span> <span class='ocrx_word' id='word_1_297' title='bbox 987 2533 1063 2576; x_wconf 88' lang='lat' dir='ltr'><strong>est,</strong></span> <span class='ocrx_word' id='word_1_298' title='bbox 1087 2531 1230 2589; x_wconf 88' lang='lat' dir='ltr'><strong>sexque</strong></span> <span class='ocrx_word' id='word_1_299' title='bbox 1253 2533 1560 2582; x_wconf 81' lang='lat' dir='ltr'><strong>propugnaculis</strong></span> <span class='ocrx_word' id='word_1_300' title='bbox 1575 2530 1870 2577; x_wconf 68' lang='lat' dir='ltr'><strong>instrueta,quae</strong></span> 
     </span>
     <span class='ocr_line' id='line_1_37' title="bbox 320 2582 1869 2637; baseline -0.003 -12"><span class='ocrx_word' id='word_1_301' title='bbox 320 2589 372 2625; x_wconf 87' lang='lat' dir='ltr'><strong>ita</strong></span> <span class='ocrx_word' id='word_1_302' title='bbox 386 2588 433 2625; x_wconf 81' lang='lat' dir='ltr'><strong>ad</strong></span> <span class='ocrx_word' id='word_1_303' title='bbox 448 2588 572 2625; x_wconf 82' lang='lat' dir='ltr'><strong>lineas</strong></span> <span class='ocrx_word' id='word_1_304' title='bbox 591 2586 749 2636; x_wconf 90' lang='lat' dir='ltr'><strong>disponi</strong></span> <span class='ocrx_word' id='word_1_305' title='bbox 768 2586 906 2631; x_wconf 90' lang='lat' dir='ltr'><strong>solent,</strong></span> <span class='ocrx_word' id='word_1_306' title='bbox 929 2598 971 2624; x_wconf 86' lang='lat' dir='ltr'><strong>ut</strong></span> <span class='ocrx_word' id='word_1_307' title='bbox 984 2582 1180 2637; x_wconf 87' lang='lat' dir='ltr'><strong>nusquam</strong></span> <span class='ocrx_word' id='word_1_308' title='bbox 1193 2588 1304 2632; x_wconf 77' lang='lat' dir='ltr'><strong>foris,</strong></span> <span class='ocrx_word' id='word_1_309' title='bbox 1311 2600 1358 2625; x_wconf 89' lang='lat' dir='ltr'><strong>ne</strong></span> <span class='ocrx_word' id='word_1_310' title='bbox 1373 2588 1441 2625; x_wconf 87' lang='lat' dir='ltr'><strong>uni</strong></span> <span class='ocrx_word' id='word_1_311' title='bbox 1453 2587 1554 2624; x_wconf 88' lang='lat' dir='ltr'><strong>hosti</strong></span> <span class='ocrx_word' id='word_1_312' title='bbox 1570 2585 1612 2622; x_wconf 84' lang='lat' dir='ltr'><strong>fit</strong></span> <span class='ocrx_word' id='word_1_313' title='bbox 1628 2595 1733 2622; x_wconf 88' lang='lat' dir='ltr'><strong>tutus</strong></span> <span class='ocrx_word' id='word_1_314' title='bbox 1745 2584 1869 2622; x_wconf 85' lang='lat' dir='ltr'><strong>locus.</strong></span> 
     </span>
     <span class='ocr_line' id='line_1_38' title="bbox 322 2639 1850 2693; baseline -0.003 -12"><span class='ocrx_word' id='word_1_315' title='bbox 322 2644 452 2681; x_wconf 83' lang='lat' dir='ltr'><strong>Facies</strong></span> <span class='ocrx_word' id='word_1_316' title='bbox 465 2644 582 2681; x_wconf 85' lang='lat' dir='ltr'><strong>etiam</strong></span> <span class='ocrx_word' id='word_1_317' title='bbox 597 2642 1010 2693; x_wconf 82' lang='lat' dir='ltr'><strong>propugnaculorum</strong></span> <span class='ocrx_word' id='word_1_318' title='bbox 1002 2653 1052 2682; x_wconf 85' lang='lat' dir='ltr'><strong>ita</strong></span> <span class='ocrx_word' id='word_1_319' title='bbox 1066 2644 1156 2684; x_wconf 86' lang='lat' dir='ltr'><strong>duci</strong></span> <span class='ocrx_word' id='word_1_320' title='bbox 1179 2644 1344 2687; x_wconf 87' lang='lat' dir='ltr'><strong>debent,</strong></span> <span class='ocrx_word' id='word_1_321' title='bbox 1367 2653 1409 2680; x_wconf 87' lang='lat' dir='ltr'><strong>ut</strong></span> <span class='ocrx_word' id='word_1_322' title='bbox 1422 2655 1443 2679; x_wconf 89' lang='lat' dir='ltr'><strong>a</strong></span> <span class='ocrx_word' id='word_1_323' title='bbox 1456 2643 1591 2680; x_wconf 84' lang='lat' dir='ltr'><strong>multis</strong></span> <span class='ocrx_word' id='word_1_324' title='bbox 1612 2642 1710 2678; x_wconf 84' lang='lat' dir='ltr'><strong>locis</strong></span> <span class='ocrx_word' id='word_1_325' title='bbox 1732 2639 1850 2677; x_wconf 88' lang='lat' dir='ltr'><strong>defen</strong></span> 
     </span>
     <span class='ocr_line' id='line_1_39' title="bbox 317 2695 1869 2748; baseline -0.004 -12"><span class='ocrx_word' id='word_1_326' title='bbox 317 2697 535 2748; x_wconf 86' lang='lat' dir='ltr'><strong>dipossint,</strong></span> <span class='ocrx_word' id='word_1_327' title='bbox 550 2710 595 2736; x_wconf 86' lang='lat' dir='ltr'><strong>ac</strong></span> <span class='ocrx_word' id='word_1_328' title='bbox 617 2696 742 2736; x_wconf 72' lang='lat' dir='ltr'><strong>axillce</strong></span> <span class='ocrx_word' id='word_1_329' title='bbox 763 2700 1171 2748; x_wconf 79' lang='lat' dir='ltr'><strong>propugnaculorum,</strong></span> <span class='ocrx_word' id='word_1_330' title='bbox 1187 2709 1229 2736; x_wconf 88' lang='lat' dir='ltr'><strong>ut</strong></span> <span class='ocrx_word' id='word_1_331' title='bbox 1251 2700 1316 2737; x_wconf 87' lang='lat' dir='ltr'><strong>vix</strong></span> <span class='ocrx_word' id='word_1_332' title='bbox 1339 2698 1434 2736; x_wconf 87' lang='lat' dir='ltr'><strong>foris</strong></span> <span class='ocrx_word' id='word_1_333' title='bbox 1456 2701 1495 2736; x_wconf 66' lang='grc' dir='ltr'><strong>ὅ(</strong></span> <span class='ocrx_word' id='word_1_334' title='bbox 1517 2696 1675 2735; x_wconf 90' lang='lat' dir='ltr'><strong>tantum</strong></span> <span class='ocrx_word' id='word_1_335' title='bbox 1686 2696 1731 2733; x_wconf 85' lang='lat' dir='ltr'><strong>ad</strong></span> <span class='ocrx_word' id='word_1_336' title='bbox 1754 2695 1869 2732; x_wconf 73' lang='lat' dir='ltr'><strong>faciei</strong></span> 
     </span>
     <span class='ocr_line' id='line_1_40' title="bbox 317 2749 1869 2803; baseline -0.002 -12"><span class='ocrx_word' id='word_1_337' title='bbox 317 2753 559 2803; x_wconf 87' lang='lat' dir='ltr'><strong>superficiem</strong></span> <span class='ocrx_word' id='word_1_338' title='bbox 589 2752 763 2802; x_wconf 86' lang='lat' dir='ltr'><strong>conspici</strong></span> <span class='ocrx_word' id='word_1_339' title='bbox 787 2753 960 2803; x_wconf 85' lang='lat' dir='ltr'><strong>possint:</strong></span> <span class='ocrx_word' id='word_1_340' title='bbox 1017 2756 1102 2792; x_wconf 80' lang='lat' dir='ltr'><strong>Hac</strong></span> <span class='ocrx_word' id='word_1_341' title='bbox 1123 2757 1232 2792; x_wconf 92' lang='lat' dir='ltr'><strong>enim</strong></span> <span class='ocrx_word' id='word_1_342' title='bbox 1256 2755 1411 2791; x_wconf 83' lang='lat' dir='ltr'><strong>ratione</strong></span> <span class='ocrx_word' id='word_1_343' title='bbox 1434 2754 1637 2796; x_wconf 84' lang='lat' dir='ltr'><strong>ordinata,</strong></span> <span class='ocrx_word' id='word_1_344' title='bbox 1676 2749 1869 2788; x_wconf 85' lang='lat' dir='ltr'><strong>tutissima</strong></span> 
     </span>
     <span class='ocr_line' id='line_1_41' title="bbox 319 2807 1870 2857; baseline -0.003 -10"><span class='ocrx_word' id='word_1_345' title='bbox 319 2809 436 2853; x_wconf 85' lang='lat' dir='ltr'><strong>fiunt,</strong></span> <span class='ocrx_word' id='word_1_346' title='bbox 452 2821 497 2847; x_wconf 87' lang='lat' dir='ltr'><strong>ac</strong></span> <span class='ocrx_word' id='word_1_347' title='bbox 521 2809 699 2847; x_wconf 87' lang='lat' dir='ltr'><strong>hostibus</strong></span> <span class='ocrx_word' id='word_1_348' title='bbox 722 2810 957 2848; x_wconf 78' lang='lat' dir='ltr'><strong>metuenda3</strong></span> <span class='ocrx_word' id='word_1_349' title='bbox 982 2808 1094 2857; x_wconf 75' lang='lat' dir='ltr'><strong>quod</strong></span> <span class='ocrx_word' id='word_1_350' title='bbox 1117 2822 1200 2847; x_wconf 90' lang='lat' dir='ltr'><strong>non</strong></span> <span class='ocrx_word' id='word_1_351' title='bbox 1228 2809 1294 2846; x_wconf 89' lang='lat' dir='ltr'><strong>nisi</strong></span> <span class='ocrx_word' id='word_1_352' title='bbox 1317 2812 1498 2846; x_wconf 80' lang='lat' dir='ltr'><strong>maximo</strong></span> <span class='ocrx_word' id='word_1_353' title='bbox 1536 2807 1711 2857; x_wconf 88' lang='lat' dir='ltr'><strong>periculo</strong></span> <span class='ocrx_word' id='word_1_354' title='bbox 1738 2818 1870 2843; x_wconf 81' lang='lat' dir='ltr'><strong>arcem</strong></span> 
     </span>
    </p>
   </div>
   <div class='ocr_carea' id='block_1_9' title="bbox 315 2860 1866 2967">
    <p class='ocr_par' dir='ltr' id='par_1_9' title="bbox 315 2860 1866 2967">
     <span class='ocr_line' id='line_1_42' title="bbox 315 2860 1865 2916; baseline -0.004 -13"><span class='ocrx_word' id='word_1_355' title='bbox 315 2877 545 2916; x_wconf 78' lang='lat' dir='ltr'><strong>oppugnare</strong></span> <span class='ocrx_word' id='word_1_356' title='bbox 565 2864 730 2916; x_wconf 78' lang='lat' dir='ltr'><strong>possint.</strong></span> <span class='ocrx_word' id='word_1_357' title='bbox 785 2865 909 2902; x_wconf 82' lang='lat' dir='ltr'><strong>Arces</strong></span> <span class='ocrx_word' id='word_1_358' title='bbox 922 2865 975 2903; x_wconf 88' lang='lat' dir='ltr'><strong>ob</strong></span> <span class='ocrx_word' id='word_1_359' title='bbox 988 2876 1162 2914; x_wconf 85' lang='lat' dir='ltr'><strong>quatuor</strong></span> <span class='ocrx_word' id='word_1_360' title='bbox 1173 2865 1307 2904; x_wconf 79' lang='lat' dir='ltr'><strong>causas</strong></span> <span class='ocrx_word' id='word_1_361' title='bbox 1319 2874 1569 2903; x_wconf 83' lang='lat' dir='ltr'><strong>extruuntur:</strong></span> <span class='ocrx_word' id='word_1_362' title='bbox 1596 2860 1728 2901; x_wconf 72' lang='lat' dir='ltr'><strong>Primo</strong></span> <span class='ocrx_word' id='word_1_363' title='bbox 1743 2872 1782 2899; x_wconf 87' lang='lat' dir='ltr'><strong>ut</strong></span> <span class='ocrx_word' id='word_1_364' title='bbox 1794 2861 1865 2905; x_wconf 87' lang='lat' dir='ltr'><strong>illi,</strong></span> 
     </span>
     <span class='ocr_line' id='line_1_43' title="bbox 1703 2918 1866 2967; baseline -0.006 -12"><span class='ocrx_word' id='word_1_365' title='bbox 1703 2918 1750 2955; x_wconf 83' lang='lat' dir='ltr'><strong>ad</strong></span> <span class='ocrx_word' id='word_1_366' title='bbox 1765 2929 1866 2967; x_wconf 74' lang='lat' dir='ltr'><strong>quos</strong></span> 
     </span>
    </p>
   </div>
  </div>
 </body>
</html>
