1980 3369
406 293 421 322 π
428 279 489 329 64

403 348 467 377 aut
476 331 625 389 praevisa
642 333 681 370 in
692 331 881 386 Principes
894 341 1061 372 vertunt.
1115 330 1208 385 Q&
1225 331 1354 385 magis'
1363 330 1519 372 miseret
1531 331 1740 386 prudentes
1759 334 1874 381 viros,

403 401 568 433 vanitate
581 386 811 426 familiarum
820 417 831 434 ,
861 390 998 427 omnia
1006 388 1224 439 Principum
1233 400 1318 426 non
1327 386 1423 426 dicta
1437 386 1566 427 solum
1576 416 1588 433 ,
1604 386 1668 427 sed
1679 389 1717 431 δι
1725 387 1876 429 somnia

405 446 535 487 efferri
552 441 661 481 foras.
685 442 729 479 Et
737 453 872 482 tamen
884 443 921 482 id
931 455 1052 495 genus
1064 442 1275 481 hominum
1286 457 1296 488 3
1309 440 1446 494 pestim
1459 442 1668 482 hominum
1677 471 1689 488 ,
1710 444 1749 481 ὅ(
1758 443 1879 490 suam,

405 499 596 550 Principes
606 507 737 535 amant
751 498 790 537 in
798 497 948 537 secreto
957 496 1114 542 habent,
1123 497 1163 535 δε
1171 508 1279 548 paene
1287 497 1330 535 in
1337 495 1419 536 smu
1427 509 1576 550 gerunt.
1608 496 1685 536 Hic
1699 509 1765 536 me
1778 511 1878 538 con-

406 554 544 597 solatur
554 554 593 591 &
602 551 648 590 ab
657 554 770 590 omni
778 552 1017 591 dubitatione
1025 550 1159 591 liberat
1167 551 1344 603 Princeps
1361 550 1602 590 Anhaltinus.
1661 554 1759 591 Non
1768 554 1877 592 enim

407 607 710 658 conijciendum‚
719 605 783 645 sed
792 605 1050 645 recolendum
1063 606 1256 645 memoria
1266 621 1277 651 ς
1300 616 1343 643 ut
1351 608 1458 660 varij}
1471 607 1509 644 in
1517 605 1694 658 procellis
1713 606 1880 646 versatus

407 665 461 706 sit.
515 665 648 715 Atque
665 661 755 699 inde
765 659 1008 699 statuendum
1021 659 1069 698 de
1088 660 1234 712 gladio,
1264 658 1348 699 fido
1357 661 1395 699 ὅ(
1403 671 1594 713 perpetuo
1603 662 1762 700 Comite
1772 662 1880 701 Prin.

408 720 510 773 cipis,
523 729 571 756 ex
581 717 708 755 hocin
725 714 817 755 illud
827 714 973 755 bellum
981 713 1108 767 illapsi,
1118 724 1188 754 etc.

634 824 852 879 LXV.
902 820 1643 880 HIEROGRAPHIA.

466 920 702 968 Qanquam
711 913 848 952 eadem
860 910 1059 959 sententia,
1075 914 1190 952 alium
1205 913 1294 952 ante
1304 913 1414 953 usum
1424 914 1526 959 ‚satis
1541 915 1884 953 recordamurzvir-

411 983 500 1011 tute
512 973 550 1010 ὅ(
573 970 721 1008 meritis
730 968 867 1021 dignos
878 967 924 1006 ad
934 967 1065 1019 sydera
1075 968 1254 1014 tollo3vel
1264 970 1487 1014 memoriae,
1501 967 1562 1007 vel
1574 963 1737 1007 utilitatis
1751 969 1886 1014 causta,

411 1026 613 1095 relegatur.
665 1020 726 1061 Est
735 1025 840 1061 enim
853 1021 873 1060 ἐ
888 1021 1038 1075 Repub.
1056 1022 1136 1062 sciri
1146 1024 1183 1062 ὅ(
1193 1023 1309 1068 credi,
1323 1026 1475 1075 praemia
1486 1023 1660 1075 quaedam
1677 1022 1751 1061 effe
1765 1025 1885 1062 virtu.

411 1085 468 1120 tis.
516 1081 596 1119 lam
609 1077 782 1129 Symboli
791 1075 980 1116 fastidium
990 1076 1103 1122 tollit,
1123 1080 1273 1117 novitas
1289 1077 1539 1131 Hieroglypti.
1596 1076 1657 1115 Est
1670 1078 1777 1116 enim
1792 1090 1887 1128 prae-

413 1134 567 1189 pollens
575 1131 713 1172 viribus
720 1133 788 1177 vir,
796 1132 861 1184 qui
876 1129 1168 1170 adolescentem
1179 1131 1304 1171 humo
1312 1132 1425 1178 tollit,
1452 1143 1566 1171 coma
1574 1129 1706 1170 diffusa
1716 1130 1887 1184 speeian-

413 1203 498 1229 tem
509 1187 662 1228 coelum.
707 1189 802 1238 Qis
813 1184 900 1225 ille?
927 1184 955 1225 si
970 1198 1054 1225 non
1069 1189 1184 1225 virtus
1195 1184 1379 1232 mascula3
1408 1185 1463 1225 est
1479 1186 1643 1231 Chiron,
1652 1187 1716 1238 qui
1731 1186 1888 1225 Ascula-

413 1246 536 1299 pium,
557 1240 752 1282 Achillem
761 1236 934 1280 educavit
945 1241 984 1279 δε
992 1239 1100 1290 hujus
1113 1251 1276 1291 patrem,
1286 1237 1513 1288 Peleum,ad
1528 1241 1699 1279 summos
1715 1240 1891 1280 honores

414 1297 705 1350 extulitvulgata
713 1296 762 1334 de
770 1293 951 1336 Thedide
966 1292 1078 1333 fama.
1119 1293 1320 1334 Estautem
1332 1295 1482 1340 tollere,
1492 1295 1702 1335 &educare
1724 1310 1735 1334 ε
1764 1296 1804 1333 &
1820 1309 1890 1335 ex,

413 1352 564 1393 tollere.
576 1363 618 1391 ut
626 1363 750 1391 nemo
764 1350 927 1401 ignorat.
946 1348 992 1388 Et
1002 1348 1186 1388 Chironis
1195 1349 1391 1401 exemplo,
1407 1350 1584 1402 Princeps
1593 1351 1730 1395 bonus,
1739 1349 1891 1402 praecla..

416 1420 459 1448 ra
471 1408 624 1460 ingenia
637 1405 760 1450 fovet,
774 1405 923 1451 educat,
938 1404 1026 1444 &in
1038 1406 1098 1444 via
1115 1403 1299 1445 collocat:
1327 1408 1451 1457 quain
1462 1406 1570 1442 terris
1580 1404 1721 1449 hon05,
1732 1406 1772 1442 in
1785 1405 1892 1443 coelis

415 1462 573 1503 beatitas
594 1461 781 1513 quaeritur.
812 1459 994 1498 Chironis
1013 1456 1184 1498 formam
1206 1459 1373 1512 requiris.
1429 1461 1538 1498 Num
1556 1458 1634 1497 haec
1649 1458 1762 1498 virilis
1780 1459 1791 1497 ἓ
1823 1458 1891 1504 est,

415 1516 486 1557 sed
499 1515 610 1555 nuda.
665 1515 710 1553 Et
718 1527 800 1567 quae
809 1511 918 1553 vestis
928 1512 1101 1552 monstra
1109 1516 1202 1567 tegit
1216 1514 1227 1551 ἓ
1243 1512 1378 1553 Nudus
1387 1512 1453 1560 est,
1462 1512 1571 1566 quod
1579 1525 1740 1566 apertus,
1751 1514 1893 1559 bonus,

416 1574 581 1624 integer.
592 1571 667 1609 Sed
676 1581 759 1607 non
771 1563 826 1607 est
840 1564 1056 1608 monstrosa
1064 1566 1191 1608 forma
1200 1596 1212 1613 ‚
1230 1570 1388 1620 inquies.
1419 1568 1546 1613 Cedo,
1557 1579 1632 1606 nec
1644 1570 1801 1607 enimin
1811 1580 1893 1609 tam

417 1626 640 1666 humanum
658 1625 861 1676 ingenium
881 1620 955 1663 ulla
974 1622 1099 1662 feritas
1116 1622 1224 1663 cadit.
1279 1624 1325 1662 Et
1337 1634 1411 1675 qua
1422 1623 1573 1663 ratione
1582 1622 1733 1662 Chiron
1748 1635 1833 1661 non
1849 1635 1894 1661 e.

420 1692 530 1734 quus,
541 1678 606 1772 seg
615 1691 731 1732 eques
740 1689 820 1717 erat
838 1678 849 1716 Ξ
877 1679 1017 1718 eadem
1027 1679 1202 1731 Princeps
1212 1679 1253 1716 in
1261 1675 1378 1720 bello.
1440 1681 1559 1720 Nunc
1565 1679 1665 1732 pacis
1673 1674 1791 1717 studia
1798 1676 1893 1717 Chi.

426 1748 505 1777 ron
512 1746 569 1773 tra
607 1745 654 1773 at.

645 1843 901 1898 LXVI.
940 1841 1685 1900 HIEROGRAPHJA.

473 1931 690 1972 Triremim
705 1933 771 1985 qui
785 1944 957 1985 unquam
966 1933 1060 1971 vidit
1072 1949 1083 1979 3
1101 1933 1195 1972 nihil
1205 1933 1378 1973 dubitare
1385 1929 1523 1987 potest,
1536 1933 1629 1986 quin
1645 1931 1723 1970 haec
1731 1931 1897 1971 triremis

423 1985 478 2027 fit.
499 1989 554 2026 Ita
563 1988 665 2026 inter
684 1999 840 2039 proram
855 1988 892 2025 &
911 1988 1068 2040 puppim
1088 1988 1319 2027 extenditur.
1378 1989 1440 2026 Ac
1451 1997 1492 2025 ut
1506 1997 1642 2026 notare
1659 1984 1712 2025 cst
1725 1985 1831 2024 foros
1856 1987 1898 2025 &

425 2040 586 2081 transtra
594 2059 602 2084 ς
635 2042 686 2080 ita
694 2043 734 2080 &
743 2040 990 2086 columbaria,
1001 2053 1069 2094 per
1076 2056 1170 2096 quae,
1180 2043 1526 2097 remi‚promicant,
1537 2043 1576 2081 ὅ(
1584 2040 1754 2085 scalmos,
1766 2042 1900 2093 impri-

425 2100 501 2136 mis
510 2095 655 2135 malurn
666 2093 937 2142 infra&um‚ad
952 2106 1135 2136 truncum
1160 2099 1308 2136 arboris
1317 2096 1529 2149 religatum.
1574 2097 1784 2144 Acroteria}
1790 2097 1900 2134 enim

426 2154 468 2191 &
483 2153 627 2202 reliqua
641 2151 715 2190 five
725 2148 991 2196 instrumenta,
1009 2148 1084 2190 sive
1095 2163 1339 2197 ornamenta,
1358 2164 1447 2190 cum
1459 2152 1546 2190 navi
1561 2152 1788 2190 communie
1803 2149 1902 2189 sunt.

425 2209 526 2258 Qae
544 2203 621 2243 v1su
637 2205 778 2258 percipi
796 2205 966 2243 debeant
987 2221 998 2252 3
1029 2217 1208 2258 percepta
1220 2205 1316 2245 sunt.
1350 2206 1563 2245 Audiamus
1571 2217 1653 2258 quae
1661 2205 1789 2244 auditu
1803 2204 1902 2243 acci-

419 2260 570 2315 pienda
580 2258 688 2298 sunt:
711 2260 805 2297 Non
818 2258 960 2298 frustra.
987 2260 1115 2312 Qid?
1144 2259 1250 2313 quod
1263 2261 1379 2305 vides,
1390 2259 1594 2298 contraC'tis
1603 2258 1902 2311 velis,quiescoz

429 2327 495 2353 aut
503 2312 663 2353 adverso
672 2325 804 2358 vento,
818 2315 962 2366 recipio
971 2327 1038 2365 me
1053 2316 1100 2353 ad
1107 2327 1250 2354 remos.
1282 2317 1400 2354 Nunc
1412 2314 1623 2354 versorium
1635 2313 1839 2353 secundam
1855 2325 1904 2350 o-

430 2370 572 2410 stendit
586 2367 865 2420 tempestatem.
884 2368 1076 2421 Significat
1083 2370 1193 2421 igitur
1202 2368 1478 2421 quiescendum
1487 2372 1719 2421 quandoque
1729 2372 1750 2406 a
1776 2380 1903 2420 nego-

431 2426 496 2473 cijs
517 2439 526 2462 :
557 2421 639 2461 imo
648 2421 742 2461 nihil
753 2434 894 2468 vetare,
906 2424 945 2462 &
962 2423 1109 2462 bellum
1122 2422 1279 2473 inducijs
1289 2423 1487 2462 interdum
1502 2422 1740 2476 suspendere.
1765 2425 1803 2461 ὅ(
1813 2422 1904 2466 sese,

431 2491 476 2519 ut
487 2476 630 2516 inlusta
637 2475 693 2521 fit,
704 2476 950 2528 colligere,ut
957 2479 1120 2530 paratior
1128 2477 1175 2517 ad
1183 2490 1270 2516 rem
1277 2479 1433 2517 accedas
1456 2493 1465 2516 :
1494 2477 1682 2517 fortiorve
1697 2479 1736 2516 in
1750 2475 1904 2515 hostem

435 2532 577 2574 redeas.
586 2533 622 2570 Si
631 2529 821 2583 posterior
835 2530 1012 2572 limitatio
1020 2534 1139 2584 magis
1148 2531 1361 2585 placet‚nec
1370 2534 1539 2577 intueris,
1555 2531 1672 2571 velim
1682 2532 1732 2570 de
1744 2531 1903 2570 summo

487 2585 588 2627 mali.
620 2585 729 2638 quod
737 2582 763 2622 fi
771 2584 951 2637 aplaustre
966 2586 1236 2639 appellandum
1254 2585 1319 2632 est,
1329 2588 1368 2625 in
1377 2598 1513 2639 etymo
1523 2598 1670 2632 errant,
1690 2588 1852 2638 quinon

548 2639 745 2680 ceffarium
755 2651 900 2691 putant,
911 2638 964 2678 est
972 2645 1079 2680 enirn
1089 2640 1256 2681 maxime
1265 2640 1529 2686 neceffarium‚
1538 2642 1769 2679 variantibus

651 2692 729 2734 sese
737 2695 842 2744 varijs
851 2697 972 2734 ventis
990 2711 1000 2740 ς
1027 2697 1193 2749 agedum
1201 2696 1248 2735 ad
1259 2708 1403 2742 remos,
1415 2698 1465 2735 ad
1481 2694 1680 2742 scalmum,

753 2749 802 2787 ad
813 2748 972 2789 labores.
987 2751 1027 2788 N
1030 2762 1074 2789 ec
1082 2751 1247 2790 fortuna:
1255 2750 1364 2797 cede,
1371 2749 1436 2790 sed
1444 2752 1580 2790 animo

1002 2803 1094 2844 forti
1104 2805 1326 2858 obsequere.

1412 2886 1674 2942 LXVII.
1717 2888 1904 2969 HIE-
