1980 3369
287 250 310 282 1
343 238 385 286 8.

289 250 391 340 d{1os
402 301 607 340 confistcre
621 299 757 350 potest,
777 295 888 348 quod
903 302 1072 339 amantis
1094 312 1164 339 cor
1187 311 1315 350 neque
1328 299 1470 345 dividi,
1496 311 1627 349 neque
1639 300 1814 351 pluribus

288 358 350 410 sed
365 360 434 396 uni
447 357 518 395 soli
531 355 684 395 tantum
697 358 892 406 integrum
904 356 987 393 dari
1001 356 1133 407 possit.

510 445 999 496 CONFICERE
1055 445 1193 498 EST
1241 444 1587 503 ANIMUS‚

440 540 546 592 Qid
562 539 645 578 face
657 539 805 576 ardenti
817 538 1021 583 indicetur,
1033 536 1190 576 difficile
1202 538 1253 575 est
1276 538 1471 586 conjectu,
1488 537 1590 577 forte
1612 540 1736 590 Mysta
1752 539 1829 578 ho·

286 603 383 642 stem
395 599 566 645 aliquem
580 594 719 632 habuit
732 593 890 631 summo
913 594 1008 631 loco
1027 595 1297 637 constitutum,
1313 593 1488 643 facisque
1509 595 1675 633 ardentis
1696 596 1826 640 instar,

286 655 476 696 omnibus
488 651 648 701 publico
662 650 798 699 aliquo
811 643 973 688 munere
984 649 1253 698 conspicuum:
1267 651 1497 698 quem,quia
1512 651 1605 689 loco
1617 652 1828 702 indignum

285 711 448 763 putavit,
461 711 499 746 &
511 706 562 744 ob
577 706 724 755 privata
737 705 842 749 odia,
861 706 980 742 etiam
1002 705 1155 742 deloco
1177 705 1342 751 deiicere
1355 732 1365 748 ,
1381 707 1418 742 ὃς
1433 706 1548 753 plane
1572 706 1770 744 conficere
1782 705 1828 744 fi-

286 768 326 806 bi
340 763 556 817 proposuit,
571 773 657 798 non
674 759 776 799 secus
788 772 831 797 ac
843 760 995 810 gladius
1010 758 1076 798 hic
1089 759 1217 798 facem
1228 764 1431 809 amputare
1443 763 1540 798 velle
1559 762 1719 799 videtur.
1755 762 1828 800 Sed

285 824 311 863 si
326 820 425 860 forte
438 819 647 868 indignum
661 817 854 860 videatur,
869 816 976 853 hunc
1000 817 1218 864 Principem
1234 828 1372 864 parum
1395 815 1661 855 Christianum
1684 817 1841 856 habere.

284 877 543 930 propositum,
558 875 697 923 poterit
711 871 999 921 Hieroglypton
1013 870 1280 910 commodius,
1302 872 1348 908 de
1362 872 1526 920 publicis
1549 875 1586 910 &
1602 885 1683 910 non
1708 874 1830 922 priva-

287 938 336 973 tis
350 933 526 972 hostibus
544 929 722 978 intelligi,
737 939 842 977 quos
859 929 949 976 igne
971 929 1007 964 δ(
1032 927 1167 976 gladio
1199 927 1233 963 C
1247 927 1285 963 O
1302 928 1338 963 N
1356 926 1408 963 ΡΙ
1427 927 1460 963 C
1475 929 1503 964 E
1520 929 1555 964 R
1571 929 1600 964 E
1631 929 1687 965 illi
1713 929 1740 966 E
1754 929 1777 965 S
1792 928 1829 966 T

288 992 327 1030 A
339 991 373 1028 N
392 991 406 1028 1
423 989 467 1026 M
480 987 516 1024 V
529 986 566 1023 S.
623 986 716 1022 Face
730 985 850 1027 enim,
866 983 902 1019 id
917 982 980 1025 est,
996 983 1098 1031 igne,
1122 994 1167 1019 ac
1176 982 1310 1032 gladio
1324 982 1453 1019 hostes
1467 992 1667 1026 terrentur,
1680 986 1718 1021 ὅ(
1730 995 1830 1021 con-

288 1046 486 1085 ficiuntur.
500 1042 703 1091 Qicunq3
715 1039 867 1075 bonam
877 1038 1033 1087 gerendi
1046 1038 1137 1075 belli
1149 1036 1307 1075 causam
1320 1037 1487 1081 habenis
1503 1039 1710 1087 prudenter
1721 1039 1829 1083 facit,

288 1102 314 1140 fi
328 1101 456 1139 hostes
469 1098 602 1148 gladio
622 1107 667 1133 ac
689 1095 795 1132 ferro
807 1093 1015 1136 adoriatur,
1031 1092 1278 1142 insequatur,
1305 1096 1341 1130 ὅ(
1357 1092 1558 1131 conficiat.
1617 1095 1698 1145 Q
1720 1095 1830 1132 enim

287 1158 407 1207 parcit
421 1153 610 1195 hostibus,
626 1163 670 1188 ac
691 1163 777 1188 non
790 1149 876 1187 satis
890 1148 1011 1186 severe
1024 1149 1172 1186 bellum
1189 1151 1296 1198 gerit,
1308 1160 1351 1186 ac
1362 1149 1452 1186 cum
1466 1148 1706 1186 conficiendi
1717 1150 1833 1188 datur

286 1211 455 1254 occasio,
469 1221 551 1247 non
562 1206 736 1249 conficit,
751 1206 814 1243 ille
825 1204 954 1253 serpen
962 1214 1026 1241 ten
1038 1205 1105 1241 alit
1117 1206 1158 1241 in
1169 1203 1276 1241 finu:
1298 1206 1365 1252 qui
1376 1203 1577 1253 resumptis
1593 1205 1831 1245 viribus‚ho-

286 1269 330 1307 sti
342 1267 412 1305 suo
426 1278 509 1303 non
525 1273 665 1314 parcet,
682 1262 743 1299 sed
762 1260 955 1298 crudelius
971 1269 1174 1309 acceptum
1189 1260 1355 1297 dedecus
1376 1261 1414 1297 δε
1429 1260 1580 1297 cladem
1592 1261 1806 1298 vindicabit
1817 1288 1829 1305 ,

288 1337 334 1362 ac
349 1323 545 1371 rependet.
601 1319 644 1357 ld
655 1318 745 1357 teste
773 1317 889 1353 Livio
903 1343 914 1359 ,
940 1315 1093 1352 Sabinis
1114 1317 1293 1365 contigit.
1351 1315 1457 1352 Cum
1481 1317 1589 1353 enim
1612 1317 1831 1354 Romanos

287 1380 476 1418 exercitus
487 1378 588 1413 duos
599 1373 822 1429 consulates
836 1374 877 1408 in
897 1371 1069 1408 furculas
1084 1371 1287 1408 Caudinas
1306 1369 1523 1414 traxissent,
1547 1369 1711 1421 jamdue
1731 1372 1830 1409 salti-

286 1437 359 1474 bus
373 1429 637 1480 augustijsdue
660 1430 844 1466 locorum
869 1427 1071 1475 occupatis
1085 1455 1094 1470 ,
1116 1427 1316 1464 Romanis
1330 1438 1461 1474 neque
1481 1426 1683 1476 fugiendi,
1702 1439 1832 1476 neque

288 1479 492 1541 pugnandi
505 1488 657 1525 daretur
670 1485 796 1528 locus,
815 1485 854 1521 δε
867 1482 959 1521 vieti
973 1494 1113 1519 omnes
1127 1482 1247 1519 deleri
1262 1481 1406 1530 absque
1419 1482 1553 1531 gladio
1567 1481 1728 1531 poss'enr.
1762 1484 1832 1521 Sa·

288 1532 390 1585 binis
404 1547 442 1582 in
456 1555 490 1581 ta
499 1555 537 1580 m
552 1543 643 1580 laetis
657 1541 771 1578 rebus
784 1551 870 1577 non
885 1537 1113 1587 suppetabat
1134 1536 1359 1582 consilium,
1385 1549 1429 1574 ac
1441 1549 1531 1585 neq3
1544 1539 1735 1575 dimittere
1745 1539 1833 1577 Ro-

286 1613 432 1642 manos
446 1601 604 1640 liberos,
619 1608 749 1644 neque
768 1596 922 1645 penitus
944 1593 1111 1643 perdere,
1126 1594 1335 1631 volebant3
1360 1592 1420 1629 sed
1432 1593 1588 1630 tantum
1609 1593 1832 1645 subjugum

285 1655 526 1701 miss'os‚cum
541 1653 763 1704 ignominia
776 1651 945 1688 domum
957 1649 1178 1686 mittebant.
1236 1649 1515 1699 Qamobtem
1527 1649 1697 1686 domum
1707 1661 1833 1688 revet-

285 1715 312 1754 fi
332 1712 526 1754 Romani,
540 1707 738 1757 resumpto
753 1709 792 1743 in
805 1705 977 1743 Sabinos
991 1705 1110 1749 bello,
1127 1717 1196 1742 eos
1217 1703 1252 1751 (a
1266 1706 1411 1752 quibus
1422 1704 1539 1741 deleri
1558 1716 1700 1742 omnes
1720 1715 1832 1754 pote·

286 1771 389 1817 rant)
403 1766 662 1806 debellarunt.
678 1762 826 1811 sibique
838 1760 1104 1806 subjecerunt;
1126 1762 1179 1797 ita
1193 1769 1235 1797 ut
1248 1759 1381 1797 Sabini
1393 1759 1548 1796 meritas
1561 1760 1832 1809 imprudentia:

288 1837 427 1877 poenas
440 1822 626 1859 dederint:
651 1818 920 1856 Monitienim
931 1825 1039 1853 erant
1058 1816 1177 1864 prius,
1193 1825 1235 1852 ut
1248 1816 1306 1852 vel
1329 1816 1470 1851 liberos
1491 1814 1728 1853 dimitterent
1749 1817 1836 1853 Ro-

287 1893 446 1921 manos,
460 1875 613 1926 hacque
627 1873 898 1913 benevolentia
912 1880 1137 1920 perpetuam
1150 1872 1364 1908 amicitiam
1379 1869 1603 1915 stabilirent,
1618 1872 1677 1909 vel
1691 1883 1831 1910 omnes

322 1935 577 1976 conficerent,
590 1928 700 1978 quod
717 1931 815 1966 intra
830 1937 991 1964 centurn
1004 1938 1133 1964 annos
1144 1928 1206 1964 vix
1222 1927 1256 1963 se
1271 1929 1408 1962 iterum
1420 1925 1613 1962 restituere
1629 1926 1789 1975 poffenn

450 1988 599 2028 Verum
615 1986 750 2023 Sabini
763 1984 843 2021 alio
859 1981 1028 2019 consilio
1041 1980 1310 2032 ignominiose
1327 1983 1540 2018 Romanos
1552 1983 1668 2021 dimi-

611 2042 751 2085 serunt,
767 2051 849 2087 quo
864 2049 991 2085 neque
1012 2040 1164 2075 amicos
1184 2037 1372 2080 fecerunt,
1397 2048 1528 2084 neque

663 2098 847 2134 inimicos
860 2093 1101 2130 sustulerunt.
1119 2092 1345 2132 PrudentiuS
1359 2094 1451 2141 itaq3

807 2150 859 2188 est
891 2149 1089 2187 conficere
1118 2148 1285 2187 hostem.

973 2221 1075 2293 3³³}

985 2284 1068 2342 ἔρξε
