<?xml version="1.0" encoding="UTF-8"?>
<!DOCTYPE html PUBLIC "-//W3C//DTD XHTML 1.0 Transitional//EN"
    "http://www.w3.org/TR/xhtml1/DTD/xhtml1-transitional.dtd">
<html xmlns="http://www.w3.org/1999/xhtml" xml:lang="en" lang="en">
 <head>
  <title>
</title>
<meta http-equiv="Content-Type" content="text/html;charset=utf-8" />
  <meta name='ocr-system' content='tesseract 3.04.00' />
  <meta name='ocr-capabilities' content='ocr_page ocr_carea ocr_par ocr_line ocrx_word'/>
</head>
<body>
  <div class='ocr_page' id='page_1' title='image "./symboladiuinahum13typo_0368.png"; bbox 0 0 1980 3369; ppageno 0'>
   <div class='ocr_carea' id='block_1_1' title="bbox 345 255 1657 378">
    <p class='ocr_par' dir='ltr' id='par_1_1' title="bbox 345 255 1657 378">
     <span class='ocr_line' id='line_1_1' title="bbox 345 255 1657 378; baseline -0.008 2"><span class='ocrx_word' id='word_1_1' title='bbox 345 255 416 305; x_wconf 74' lang='lat'>¹4</span> <span class='ocrx_word' id='word_1_2' title='bbox 553 322 830 378; x_wconf 90' lang='lat' dir='ltr'>NULLA</span> <span class='ocrx_word' id='word_1_3' title='bbox 877 319 1111 371; x_wconf 88' lang='lat' dir='ltr'>HORA</span> <span class='ocrx_word' id='word_1_4' title='bbox 1147 318 1333 371; x_wconf 88' lang='lat' dir='ltr'>SINE</span> <span class='ocrx_word' id='word_1_5' title='bbox 1390 319 1657 371; x_wconf 90' lang='lat' dir='ltr'>LINEA.</span> 
     </span>
    </p>
   </div>
   <div class='ocr_carea' id='block_1_2' title="bbox 344 410 1865 1404">
    <p class='ocr_par' dir='ltr' id='par_1_2' title="bbox 344 410 1865 1404">
     <span class='ocr_line' id='line_1_2' title="bbox 497 410 1859 463; baseline 0 -11"><span class='ocrx_word' id='word_1_6' title='bbox 497 415 713 452; x_wconf 86' lang='lat' dir='ltr'>Linearum</span> <span class='ocrx_word' id='word_1_7' title='bbox 726 410 871 462; x_wconf 57' lang='lat' dir='ltr'>pictura</span> <span class='ocrx_word' id='word_1_8' title='bbox 895 412 1037 449; x_wconf 87' lang='lat' dir='ltr'>nobilis</span> <span class='ocrx_word' id='word_1_9' title='bbox 1051 412 1124 449; x_wconf 88' lang='lat' dir='ltr'>fuit</span> <span class='ocrx_word' id='word_1_10' title='bbox 1149 411 1343 460; x_wconf 84' lang='lat' dir='ltr'>Appelles.</span> <span class='ocrx_word' id='word_1_11' title='bbox 1359 412 1394 449; x_wconf 87' lang='lat' dir='ltr'>Is</span> <span class='ocrx_word' id='word_1_12' title='bbox 1413 421 1506 449; x_wconf 87' lang='lat' dir='ltr'>cum</span> <span class='ocrx_word' id='word_1_13' title='bbox 1532 414 1790 463; x_wconf 63' lang='lat' dir='ltr'>Protogenen}</span> <span class='ocrx_word' id='word_1_14' title='bbox 1806 413 1859 462; x_wconf 87' lang='lat' dir='ltr'>pi·</span> 
     </span>
     <span class='ocr_line' id='line_1_3' title="bbox 347 465 1859 519; baseline -0.003 -9"><span class='ocrx_word' id='word_1_15' title='bbox 347 471 581 518; x_wconf 56' lang='lat' dir='ltr'>&amp;orennqui</span> <span class='ocrx_word' id='word_1_16' title='bbox 597 465 747 519; x_wconf 76' lang='lat' dir='ltr'>peregre</span> <span class='ocrx_word' id='word_1_17' title='bbox 762 467 956 516; x_wconf 68' lang='lat' dir='ltr'>profeCms</span> <span class='ocrx_word' id='word_1_18' title='bbox 969 467 1107 513; x_wconf 84' lang='lat' dir='ltr'>fuerat,</span> <span class='ocrx_word' id='word_1_19' title='bbox 1119 477 1300 515; x_wconf 76' lang='lat' dir='ltr'>quaereret</span> <span class='ocrx_word' id='word_1_20' title='bbox 1314 466 1462 505; x_wconf 89' lang='lat' dir='ltr'>lineam</span> <span class='ocrx_word' id='word_1_21' title='bbox 1476 479 1521 505; x_wconf 87' lang='lat' dir='ltr'>ex</span> <span class='ocrx_word' id='word_1_22' title='bbox 1536 469 1668 506; x_wconf 85' lang='lat' dir='ltr'>colore</span> <span class='ocrx_word' id='word_1_23' title='bbox 1680 470 1788 507; x_wconf 86' lang='lat' dir='ltr'>duxit</span> <span class='ocrx_word' id='word_1_24' title='bbox 1800 468 1859 506; x_wconf 76' lang='lat' dir='ltr'>sfi-</span> 
     </span>
     <span class='ocr_line' id='line_1_4' title="bbox 348 520 1846 573; baseline -0.002 -9"><span class='ocrx_word' id='word_1_25' title='bbox 348 536 421 565; x_wconf 85' lang='lat' dir='ltr'>mae</span> <span class='ocrx_word' id='word_1_26' title='bbox 436 525 635 563; x_wconf 83' lang='lat' dir='ltr'>tenuitatis</span> <span class='ocrx_word' id='word_1_27' title='bbox 648 535 713 573; x_wconf 89' lang='lat' dir='ltr'>per</span> <span class='ocrx_word' id='word_1_28' title='bbox 722 523 910 560; x_wconf 83' lang='lat' dir='ltr'>tabulam:</span> <span class='ocrx_word' id='word_1_29' title='bbox 923 523 1083 559; x_wconf 85' lang='lat' dir='ltr'>nolebat</span> <span class='ocrx_word' id='word_1_30' title='bbox 1093 523 1198 559; x_wconf 85' lang='lat' dir='ltr'>enim</span> <span class='ocrx_word' id='word_1_31' title='bbox 1211 520 1448 563; x_wconf 85' lang='lat' dir='ltr'>domoesticis</span> <span class='ocrx_word' id='word_1_32' title='bbox 1460 534 1608 560; x_wconf 89' lang='lat' dir='ltr'>nomen</span> <span class='ocrx_word' id='word_1_33' title='bbox 1621 523 1730 561; x_wconf 87' lang='lat' dir='ltr'>suum</span> <span class='ocrx_word' id='word_1_34' title='bbox 1745 525 1846 562; x_wconf 87' lang='lat' dir='ltr'>dare.</span> 
     </span>
     <span class='ocr_line' id='line_1_5' title="bbox 346 576 1860 630; baseline -0.003 -10"><span class='ocrx_word' id='word_1_35' title='bbox 346 579 536 620; x_wconf 80' lang='lat' dir='ltr'>Reversus</span> <span class='ocrx_word' id='word_1_36' title='bbox 547 580 783 630; x_wconf 79' lang='lat' dir='ltr'>Protogenes</span> <span class='ocrx_word' id='word_1_37' title='bbox 797 586 841 615; x_wconf 89' lang='lat' dir='ltr'>ac</span> <span class='ocrx_word' id='word_1_38' title='bbox 855 576 1060 615; x_wconf 72' lang='lat' dir='ltr'>subtilitate</span> <span class='ocrx_word' id='word_1_39' title='bbox 1072 577 1182 614; x_wconf 84' lang='lat' dir='ltr'>lineae</span> <span class='ocrx_word' id='word_1_40' title='bbox 1193 576 1480 625; x_wconf 83' lang='lat' dir='ltr'>contemplatus</span> <span class='ocrx_word' id='word_1_41' title='bbox 1496 579 1702 627; x_wconf 87' lang='lat' dir='ltr'>Appellem</span> <span class='ocrx_word' id='word_1_42' title='bbox 1717 579 1752 616; x_wconf 90' lang='lat' dir='ltr'>se</span> <span class='ocrx_word' id='word_1_43' title='bbox 1765 591 1860 629; x_wconf 65' lang='lat' dir='ltr'>que-</span> 
     </span>
     <span class='ocr_line' id='line_1_6' title="bbox 347 632 1862 684; baseline -0.003 -9"><span class='ocrx_word' id='word_1_44' title='bbox 347 635 464 675; x_wconf 80' lang='lat' dir='ltr'>fiviffe</span> <span class='ocrx_word' id='word_1_45' title='bbox 476 634 638 674; x_wconf 85' lang='lat' dir='ltr'>afferuit.</span> <span class='ocrx_word' id='word_1_46' title='bbox 696 634 945 684; x_wconf 83' lang='lat' dir='ltr'>Qapropter</span> <span class='ocrx_word' id='word_1_47' title='bbox 968 641 1118 681; x_wconf 87' lang='lat' dir='ltr'>arrepto</span> <span class='ocrx_word' id='word_1_48' title='bbox 1133 632 1316 681; x_wconf 84' lang='lat' dir='ltr'>penicillo</span> <span class='ocrx_word' id='word_1_49' title='bbox 1329 633 1408 671; x_wconf 86' lang='lat' dir='ltr'>alio</span> <span class='ocrx_word' id='word_1_50' title='bbox 1427 633 1560 670; x_wconf 87' lang='lat' dir='ltr'>colore</span> <span class='ocrx_word' id='word_1_51' title='bbox 1580 636 1799 672; x_wconf 86' lang='lat' dir='ltr'>tenuiorem</span> <span class='ocrx_word' id='word_1_52' title='bbox 1814 635 1862 671; x_wconf 82' lang='lat' dir='ltr'>li-</span> 
     </span>
     <span class='ocr_line' id='line_1_7' title="bbox 347 686 1861 739; baseline -0.003 -9"><span class='ocrx_word' id='word_1_53' title='bbox 347 703 463 731; x_wconf 86' lang='lat' dir='ltr'>neam</span> <span class='ocrx_word' id='word_1_54' title='bbox 478 693 519 728; x_wconf 90' lang='lat' dir='ltr'>in</span> <span class='ocrx_word' id='word_1_55' title='bbox 532 690 595 728; x_wconf 90' lang='lat' dir='ltr'>illa</span> <span class='ocrx_word' id='word_1_56' title='bbox 608 687 684 739; x_wconf 90' lang='lat' dir='ltr'>ipsa</span> <span class='ocrx_word' id='word_1_57' title='bbox 695 688 817 731; x_wconf 85' lang='lat' dir='ltr'>duxit,</span> <span class='ocrx_word' id='word_1_58' title='bbox 835 699 878 725; x_wconf 87' lang='lat' dir='ltr'>ac</span> <span class='ocrx_word' id='word_1_59' title='bbox 893 689 1081 736; x_wconf 84' lang='lat' dir='ltr'>praecepit.</span> <span class='ocrx_word' id='word_1_60' title='bbox 1106 697 1149 724; x_wconf 85' lang='lat' dir='ltr'>ut</span> <span class='ocrx_word' id='word_1_61' title='bbox 1163 686 1188 724; x_wconf 83' lang='lat' dir='ltr'><strong>fi</strong></span> <span class='ocrx_word' id='word_1_62' title='bbox 1208 686 1368 733; x_wconf 78' lang='lat' dir='ltr'>redijffet</span> <span class='ocrx_word' id='word_1_63' title='bbox 1382 688 1436 724; x_wconf 85' lang='lat' dir='ltr'>illi</span> <span class='ocrx_word' id='word_1_64' title='bbox 1451 689 1723 728; x_wconf 82' lang='lat' dir='ltr'>ostenderetur.</span> <span class='ocrx_word' id='word_1_65' title='bbox 1780 691 1861 726; x_wconf 85' lang='lat' dir='ltr'>Re-</span> 
     </span>
     <span class='ocr_line' id='line_1_8' title="bbox 347 742 1861 795; baseline -0.003 -10"><span class='ocrx_word' id='word_1_66' title='bbox 347 746 475 786; x_wconf 85' lang='lat' dir='ltr'>versus</span> <span class='ocrx_word' id='word_1_67' title='bbox 489 744 671 795; x_wconf 85' lang='lat' dir='ltr'>Appelles</span> <span class='ocrx_word' id='word_1_68' title='bbox 684 755 728 781; x_wconf 82' lang='lat' dir='ltr'>ae</span> <span class='ocrx_word' id='word_1_69' title='bbox 742 743 843 781; x_wconf 86' lang='lat' dir='ltr'>vinci</span> <span class='ocrx_word' id='word_1_70' title='bbox 853 743 1090 787; x_wconf 86' lang='lat' dir='ltr'>erubescens,</span> <span class='ocrx_word' id='word_1_71' title='bbox 1101 743 1214 779; x_wconf 87' lang='lat' dir='ltr'>tertio</span> <span class='ocrx_word' id='word_1_72' title='bbox 1224 742 1357 780; x_wconf 89' lang='lat' dir='ltr'>colore</span> <span class='ocrx_word' id='word_1_73' title='bbox 1370 742 1490 780; x_wconf 84' lang='lat' dir='ltr'>lineas</span> <span class='ocrx_word' id='word_1_74' title='bbox 1504 742 1793 789; x_wconf 83' lang='lat' dir='ltr'>secuit,nullum</span> <span class='ocrx_word' id='word_1_75' title='bbox 1807 756 1861 781; x_wconf 87' lang='lat' dir='ltr'>re-</span> 
     </span>
     <span class='ocr_line' id='line_1_9' title="bbox 344 797 1862 852; baseline -0.003 -11"><span class='ocrx_word' id='word_1_76' title='bbox 344 803 530 852; x_wconf 88' lang='lat' dir='ltr'>linquens</span> <span class='ocrx_word' id='word_1_77' title='bbox 545 800 712 850; x_wconf 86' lang='lat' dir='ltr'>amplius</span> <span class='ocrx_word' id='word_1_78' title='bbox 726 797 921 836; x_wconf 86' lang='lat' dir='ltr'>subtilitati</span> <span class='ocrx_word' id='word_1_79' title='bbox 934 798 1081 842; x_wconf 89' lang='lat' dir='ltr'>locum,</span> <span class='ocrx_word' id='word_1_80' title='bbox 1103 809 1148 834; x_wconf 89' lang='lat' dir='ltr'>ac</span> <span class='ocrx_word' id='word_1_81' title='bbox 1171 798 1427 848; x_wconf 74' lang='lat' dir='ltr'>protogenem</span> <span class='ocrx_word' id='word_1_82' title='bbox 1441 798 1513 836; x_wconf 86' lang='lat' dir='ltr'>hac</span> <span class='ocrx_word' id='word_1_83' title='bbox 1535 801 1687 837; x_wconf 88' lang='lat' dir='ltr'>ratione</span> <span class='ocrx_word' id='word_1_84' title='bbox 1710 798 1862 848; x_wconf 84' lang='lat' dir='ltr'>supera·</span> 
     </span>
     <span class='ocr_line' id='line_1_10' title="bbox 346 853 1864 906; baseline -0.003 -9"><span class='ocrx_word' id='word_1_85' title='bbox 346 859 415 897; x_wconf 89' lang='lat' dir='ltr'>vit.</span> <span class='ocrx_word' id='word_1_86' title='bbox 440 856 624 906; x_wconf 88' lang='lat' dir='ltr'>Appellcs</span> <span class='ocrx_word' id='word_1_87' title='bbox 638 856 674 893; x_wconf 79' lang='lat' dir='ltr'>id</span> <span class='ocrx_word' id='word_1_88' title='bbox 687 866 726 892; x_wconf 85' lang='lat'>111</span> <span class='ocrx_word' id='word_1_89' title='bbox 741 866 809 892; x_wconf 84' lang='lat' dir='ltr'>ore</span> <span class='ocrx_word' id='word_1_90' title='bbox 822 853 966 891; x_wconf 87' lang='lat' dir='ltr'>habere</span> <span class='ocrx_word' id='word_1_91' title='bbox 980 854 1136 890; x_wconf 71' lang='lat' dir='ltr'>tolebat:</span> <span class='ocrx_word' id='word_1_92' title='bbox 1144 853 1294 890; x_wconf 80' lang='lat' dir='ltr'>nullam</span> <span class='ocrx_word' id='word_1_93' title='bbox 1306 854 1410 891; x_wconf 81' lang='lat' dir='ltr'>diem</span> <span class='ocrx_word' id='word_1_94' title='bbox 1423 854 1478 891; x_wconf 77' lang='lat' dir='ltr'>illi</span> <span class='ocrx_word' id='word_1_95' title='bbox 1490 853 1559 891; x_wconf 84' lang='lat' dir='ltr'>effe</span> <span class='ocrx_word' id='word_1_96' title='bbox 1571 855 1647 892; x_wconf 85' lang='lat' dir='ltr'>sne</span> <span class='ocrx_word' id='word_1_97' title='bbox 1661 853 1773 892; x_wconf 86' lang='lat' dir='ltr'>linea.</span> <span class='ocrx_word' id='word_1_98' title='bbox 1786 854 1864 892; x_wconf 86' lang='lat' dir='ltr'>Cui</span> 
     </span>
     <span class='ocr_line' id='line_1_11' title="bbox 348 908 1864 962; baseline -0.003 -10"><span class='ocrx_word' id='word_1_99' title='bbox 348 909 546 962; x_wconf 64' lang='lat' dir='ltr'>sententie,</span> <span class='ocrx_word' id='word_1_100' title='bbox 553 911 790 961; x_wconf 86' lang='lat' dir='ltr'>Symbolum</span> <span class='ocrx_word' id='word_1_101' title='bbox 803 909 883 947; x_wconf 91' lang='lat' dir='ltr'>hoc</span> <span class='ocrx_word' id='word_1_102' title='bbox 896 908 1015 946; x_wconf 78' lang='lat' dir='ltr'>simile</span> <span class='ocrx_word' id='word_1_103' title='bbox 1029 908 1080 946; x_wconf 89' lang='lat' dir='ltr'>est</span> <span class='ocrx_word' id='word_1_104' title='bbox 1092 909 1181 945; x_wconf 89' lang='lat' dir='ltr'>viris</span> <span class='ocrx_word' id='word_1_105' title='bbox 1193 909 1393 951; x_wconf 81' lang='lat' dir='ltr'>omnibus,</span> <span class='ocrx_word' id='word_1_106' title='bbox 1399 911 1465 956; x_wconf 76' lang='lat' dir='ltr'>oui</span> <span class='ocrx_word' id='word_1_107' title='bbox 1479 910 1694 958; x_wconf 82' lang='lat' dir='ltr'>reipublicae</span> <span class='ocrx_word' id='word_1_108' title='bbox 1707 909 1864 948; x_wconf 81' lang='lat' dir='ltr'>inservi·</span> 
     </span>
     <span class='ocr_line' id='line_1_12' title="bbox 348 961 1863 1017; baseline -0.003 -10"><span class='ocrx_word' id='word_1_109' title='bbox 348 979 420 1007; x_wconf 89' lang='lat' dir='ltr'>unt</span> <span class='ocrx_word' id='word_1_110' title='bbox 434 979 479 1006; x_wconf 89' lang='lat' dir='ltr'>ac</span> <span class='ocrx_word' id='word_1_111' title='bbox 493 966 752 1017; x_wconf 84' lang='lat' dir='ltr'>praeficiuntnr</span> <span class='ocrx_word' id='word_1_112' title='bbox 773 963 976 1002; x_wconf 86' lang='lat' dir='ltr'>observatu</span> <span class='ocrx_word' id='word_1_113' title='bbox 1000 961 1262 1002; x_wconf 81' lang='lat' dir='ltr'>necessarium.</span> <span class='ocrx_word' id='word_1_114' title='bbox 1317 964 1371 1001; x_wconf 88' lang='lat' dir='ltr'>Vt</span> <span class='ocrx_word' id='word_1_115' title='bbox 1384 966 1490 1001; x_wconf 88' lang='lat' dir='ltr'>enim</span> <span class='ocrx_word' id='word_1_116' title='bbox 1510 965 1588 1009; x_wconf 91' lang='lat' dir='ltr'>Sol,</span> <span class='ocrx_word' id='word_1_117' title='bbox 1599 965 1863 1014; x_wconf 81' lang='lat' dir='ltr'>quiinferiora</span> 
     </span>
     <span class='ocr_line' id='line_1_13' title="bbox 346 1019 1864 1069; baseline -0.003 -6"><span class='ocrx_word' id='word_1_118' title='bbox 346 1025 427 1063; x_wconf 86' lang='lat' dir='ltr'>haec</span> <span class='ocrx_word' id='word_1_119' title='bbox 444 1024 582 1061; x_wconf 82' lang='lat' dir='ltr'>omnia</span> <span class='ocrx_word' id='word_1_120' title='bbox 605 1021 734 1058; x_wconf 87' lang='lat' dir='ltr'>calore</span> <span class='ocrx_word' id='word_1_121' title='bbox 755 1021 793 1057; x_wconf 69' lang='grc' dir='ltr'>ὅ(</span> <span class='ocrx_word' id='word_1_122' title='bbox 816 1020 901 1057; x_wconf 88' lang='lat' dir='ltr'>luce</span> <span class='ocrx_word' id='word_1_123' title='bbox 914 1020 1021 1069; x_wconf 78' lang='lat' dir='ltr'>regit,</span> <span class='ocrx_word' id='word_1_124' title='bbox 1047 1028 1217 1069; x_wconf 79' lang='lat' dir='ltr'>generat,</span> <span class='ocrx_word' id='word_1_125' title='bbox 1246 1019 1437 1068; x_wconf 84' lang='lat' dir='ltr'>producit,</span> <span class='ocrx_word' id='word_1_126' title='bbox 1453 1030 1497 1056; x_wconf 86' lang='lat' dir='ltr'>ac</span> <span class='ocrx_word' id='word_1_127' title='bbox 1511 1019 1630 1063; x_wconf 82' lang='lat' dir='ltr'>fovet,</span> <span class='ocrx_word' id='word_1_128' title='bbox 1655 1032 1864 1069; x_wconf 83' lang='lat' dir='ltr'>nunquam</span> 
     </span>
     <span class='ocr_line' id='line_1_14' title="bbox 345 1073 1864 1129; baseline -0.003 -13"><span class='ocrx_word' id='word_1_129' title='bbox 345 1077 519 1129; x_wconf 82' lang='lat' dir='ltr'>quiescit,</span> <span class='ocrx_word' id='word_1_130' title='bbox 534 1088 579 1115; x_wconf 89' lang='lat' dir='ltr'>ac</span> <span class='ocrx_word' id='word_1_131' title='bbox 594 1075 707 1127; x_wconf 81' lang='lat' dir='ltr'>stylo,</span> <span class='ocrx_word' id='word_1_132' title='bbox 722 1076 893 1125; x_wconf 70' lang='lat' dir='ltr'>quentin</span> <span class='ocrx_word' id='word_1_133' title='bbox 908 1073 1127 1124; x_wconf 72' lang='lat' dir='ltr'>horologiis</span> <span class='ocrx_word' id='word_1_134' title='bbox 1142 1073 1330 1119; x_wconf 76' lang='lat' dir='ltr'>solaribus</span> <span class='ocrx_word' id='word_1_135' title='bbox 1344 1075 1457 1120; x_wconf 81' lang='lat' dir='ltr'>radijs</span> <span class='ocrx_word' id='word_1_136' title='bbox 1472 1073 1545 1112; x_wconf 87' lang='lat' dir='ltr'>suis</span> <span class='ocrx_word' id='word_1_137' title='bbox 1558 1076 1768 1117; x_wconf 83' lang='lat' dir='ltr'>illuminat,</span> <span class='ocrx_word' id='word_1_138' title='bbox 1786 1075 1864 1113; x_wconf 78' lang='lat' dir='ltr'>sin·</span> 
     </span>
     <span class='ocr_line' id='line_1_15' title="bbox 345 1129 1865 1185; baseline -0.002 -13"><span class='ocrx_word' id='word_1_139' title='bbox 345 1135 447 1185; x_wconf 78' lang='lat' dir='ltr'>gulis</span> <span class='ocrx_word' id='word_1_140' title='bbox 459 1131 733 1170; x_wconf 88' lang='lat' dir='ltr'>momentibus</span> <span class='ocrx_word' id='word_1_141' title='bbox 745 1131 928 1168; x_wconf 73' lang='lat' dir='ltr'>umbram</span> <span class='ocrx_word' id='word_1_142' title='bbox 942 1130 1047 1173; x_wconf 69' lang='lat' dir='ltr'>facit,</span> <span class='ocrx_word' id='word_1_143' title='bbox 1066 1132 1102 1167; x_wconf 74' lang='grc' dir='ltr'>ὅ(</span> <span class='ocrx_word' id='word_1_144' title='bbox 1119 1129 1280 1178; x_wconf 84' lang='lat' dir='ltr'>proinde</span> <span class='ocrx_word' id='word_1_145' title='bbox 1300 1131 1337 1166; x_wconf 93' lang='lat' dir='ltr'>N</span> <span class='ocrx_word' id='word_1_146' title='bbox 1353 1129 1391 1167; x_wconf 81' lang='lat' dir='ltr'>V</span> <span class='ocrx_word' id='word_1_147' title='bbox 1403 1131 1434 1167; x_wconf 96' lang='lat' dir='ltr'>L</span> <span class='ocrx_word' id='word_1_148' title='bbox 1451 1129 1522 1167; x_wconf 91' lang='lat' dir='ltr'>LA</span> <span class='ocrx_word' id='word_1_149' title='bbox 1551 1132 1666 1168; x_wconf 83' lang='lat' dir='ltr'>etiam</span> <span class='ocrx_word' id='word_1_150' title='bbox 1684 1132 1717 1168; x_wconf 88' lang='lat' dir='ltr'><strong>H</strong></span> <span class='ocrx_word' id='word_1_151' title='bbox 1731 1131 1769 1168; x_wconf 85' lang='lat' dir='ltr'>O</span> <span class='ocrx_word' id='word_1_152' title='bbox 1783 1130 1865 1169; x_wconf 81' lang='lat' dir='ltr'>RA</span> 
     </span>
     <span class='ocr_line' id='line_1_16' title="bbox 347 1185 1862 1233; baseline -0.003 -6"><span class='ocrx_word' id='word_1_153' title='bbox 347 1190 467 1227; x_wconf 81' lang='lat' dir='ltr'>StNE</span> <span class='ocrx_word' id='word_1_154' title='bbox 495 1185 663 1225; x_wconf 85' lang='lat' dir='ltr'>LlNEA</span> <span class='ocrx_word' id='word_1_155' title='bbox 696 1187 892 1225; x_wconf 79' lang='lat' dir='ltr'>elabatur:</span> <span class='ocrx_word' id='word_1_156' title='bbox 920 1187 970 1223; x_wconf 76' lang='lat' dir='ltr'>ita</span> <span class='ocrx_word' id='word_1_157' title='bbox 995 1187 1116 1222; x_wconf 78' lang='lat' dir='ltr'>etiam</span> <span class='ocrx_word' id='word_1_158' title='bbox 1129 1196 1179 1221; x_wconf 84' lang='lat' dir='ltr'>rc</span> <span class='ocrx_word' id='word_1_159' title='bbox 1173 1186 1276 1233; x_wconf 86' lang='lat' dir='ltr'>pub.</span> <span class='ocrx_word' id='word_1_160' title='bbox 1297 1185 1413 1222; x_wconf 88' lang='lat' dir='ltr'>duces</span> <span class='ocrx_word' id='word_1_161' title='bbox 1425 1197 1634 1233; x_wconf 81' lang='lat' dir='ltr'>nunquam</span> <span class='ocrx_word' id='word_1_162' title='bbox 1648 1185 1767 1223; x_wconf 87' lang='lat' dir='ltr'>ociosi</span> <span class='ocrx_word' id='word_1_163' title='bbox 1779 1186 1862 1230; x_wconf 81' lang='lat' dir='ltr'>effe,</span> 
     </span>
     <span class='ocr_line' id='line_1_17' title="bbox 345 1239 1865 1290; baseline -0.003 -7"><span class='ocrx_word' id='word_1_164' title='bbox 345 1245 407 1284; x_wconf 91' lang='lat' dir='ltr'>sed</span> <span class='ocrx_word' id='word_1_165' title='bbox 419 1243 474 1282; x_wconf 84' lang='lat' dir='ltr'>as</span> <span class='ocrx_word' id='word_1_166' title='bbox 479 1245 578 1281; x_wconf 89' lang='lat' dir='ltr'>iduis</span> <span class='ocrx_word' id='word_1_167' title='bbox 588 1242 771 1289; x_wconf 77' lang='lat' dir='ltr'>exercitiis</span> <span class='ocrx_word' id='word_1_168' title='bbox 786 1240 922 1290; x_wconf 86' lang='lat' dir='ltr'>populi</span> <span class='ocrx_word' id='word_1_169' title='bbox 937 1242 1104 1281; x_wconf 86' lang='lat' dir='ltr'>bonum.</span> <span class='ocrx_word' id='word_1_170' title='bbox 1121 1242 1158 1276; x_wconf 74' lang='grc' dir='ltr'>ὅ(</span> <span class='ocrx_word' id='word_1_171' title='bbox 1171 1241 1434 1277; x_wconf 85' lang='lat' dir='ltr'>commodum</span> <span class='ocrx_word' id='word_1_172' title='bbox 1454 1251 1587 1278; x_wconf 82' lang='lat' dir='ltr'>curare</span> <span class='ocrx_word' id='word_1_173' title='bbox 1596 1242 1749 1279; x_wconf 88' lang='lat' dir='ltr'>debent.</span> <span class='ocrx_word' id='word_1_174' title='bbox 1774 1239 1865 1279; x_wconf 84' lang='lat' dir='ltr'>Hoc</span> 
     </span>
     <span class='ocr_line' id='line_1_18' title="bbox 344 1294 1862 1349; baseline -0.002 -12"><span class='ocrx_word' id='word_1_175' title='bbox 344 1302 438 1349; x_wconf 82' lang='lat' dir='ltr'>quia</span> <span class='ocrx_word' id='word_1_176' title='bbox 453 1300 543 1336; x_wconf 85' lang='lat' dir='ltr'>huic</span> <span class='ocrx_word' id='word_1_177' title='bbox 554 1299 644 1335; x_wconf 88' lang='lat' dir='ltr'>duci</span> <span class='ocrx_word' id='word_1_178' title='bbox 669 1296 817 1345; x_wconf 82' lang='lat' dir='ltr'>semper</span> <span class='ocrx_word' id='word_1_179' title='bbox 837 1295 1080 1346; x_wconf 83' lang='lat' dir='ltr'>propofitum</span> <span class='ocrx_word' id='word_1_180' title='bbox 1094 1295 1182 1340; x_wconf 84' lang='lat' dir='ltr'>fuit,</span> <span class='ocrx_word' id='word_1_181' title='bbox 1204 1295 1413 1345; x_wconf 65' lang='lat' dir='ltr'>diligentiae</span> <span class='ocrx_word' id='word_1_182' title='bbox 1435 1294 1508 1334; x_wconf 84' lang='lat' dir='ltr'>suae</span> <span class='ocrx_word' id='word_1_183' title='bbox 1523 1306 1676 1342; x_wconf 82' lang='lat' dir='ltr'>notam,</span> <span class='ocrx_word' id='word_1_184' title='bbox 1687 1296 1862 1346; x_wconf 83' lang='lat' dir='ltr'>posteris,</span> 
     </span>
     <span class='ocr_line' id='line_1_19' title="bbox 344 1352 892 1404; baseline -0.013 -10"><span class='ocrx_word' id='word_1_185' title='bbox 344 1352 712 1404; x_wconf 70' lang='lat' dir='ltr'>luel-lierographia</span> <span class='ocrx_word' id='word_1_186' title='bbox 727 1352 892 1401; x_wconf 85' lang='lat' dir='ltr'>reliquit.</span> 
     </span>
    </p>
   </div>
   <div class='ocr_carea' id='block_1_3' title="bbox 639 1437 1576 1494">
    <p class='ocr_par' dir='ltr' id='par_1_3' title="bbox 639 1437 1576 1494">
     <span class='ocr_line' id='line_1_20' title="bbox 639 1437 1576 1494; baseline -0.002 -4"><span class='ocrx_word' id='word_1_187' title='bbox 639 1437 1081 1494; x_wconf 87' lang='lat' dir='ltr'>PAULATIM,</span> <span class='ocrx_word' id='word_1_188' title='bbox 1137 1438 1576 1488; x_wconf 89' lang='lat' dir='ltr'><strong>PAULATIM.</strong></span> 
     </span>
    </p>
   </div>
   <div class='ocr_carea' id='block_1_4' title="bbox 342 1531 1868 2359">
    <p class='ocr_par' dir='ltr' id='par_1_4' title="bbox 342 1531 1868 2359">
     <span class='ocr_line' id='line_1_21' title="bbox 496 1531 1865 1582; baseline -0.003 -9"><span class='ocrx_word' id='word_1_189' title='bbox 496 1534 691 1573; x_wconf 75' lang='lat' dir='ltr'>Paulatim</span> <span class='ocrx_word' id='word_1_190' title='bbox 702 1532 923 1577; x_wconf 87' lang='lat' dir='ltr'>incedit,sed</span> <span class='ocrx_word' id='word_1_191' title='bbox 936 1531 1060 1570; x_wconf 68' lang='lat' dir='ltr'>secure⁸³</span> <span class='ocrx_word' id='word_1_192' title='bbox 1073 1533 1234 1570; x_wconf 84' lang='lat' dir='ltr'>testudo.</span> <span class='ocrx_word' id='word_1_193' title='bbox 1249 1531 1385 1570; x_wconf 77' lang='lat' dir='ltr'>Secure</span> <span class='ocrx_word' id='word_1_194' title='bbox 1400 1542 1552 1582; x_wconf 86' lang='lat' dir='ltr'>propter</span> <span class='ocrx_word' id='word_1_195' title='bbox 1563 1531 1809 1569; x_wconf 80' lang='lat' dir='ltr'>domicilium</span> <span class='ocrx_word' id='word_1_196' title='bbox 1820 1540 1865 1569; x_wconf 85' lang='lat' dir='ltr'>ac</span> 
     </span>
     <span class='ocr_line' id='line_1_22' title="bbox 344 1585 1865 1641; baseline -0.004 -12"><span class='ocrx_word' id='word_1_197' title='bbox 344 1600 630 1641; x_wconf 75' lang='lat' dir='ltr'>tegumentum,</span> <span class='ocrx_word' id='word_1_198' title='bbox 645 1591 753 1638; x_wconf 89' lang='lat' dir='ltr'>quod</span> <span class='ocrx_word' id='word_1_199' title='bbox 769 1588 897 1626; x_wconf 89' lang='lat' dir='ltr'>secum</span> <span class='ocrx_word' id='word_1_200' title='bbox 913 1585 1098 1637; x_wconf 78' lang='lat' dir='ltr'>perpetuo</span> <span class='ocrx_word' id='word_1_201' title='bbox 1110 1588 1195 1632; x_wconf 90' lang='lat' dir='ltr'>fert,</span> <span class='ocrx_word' id='word_1_202' title='bbox 1210 1590 1259 1625; x_wconf 89' lang='lat' dir='ltr'>ita</span> <span class='ocrx_word' id='word_1_203' title='bbox 1274 1589 1526 1636; x_wconf 66' lang='lat' dir='ltr'>compactum</span> <span class='ocrx_word' id='word_1_204' title='bbox 1539 1587 1705 1624; x_wconf 78' lang='lat' dir='ltr'>mir-abili</span> <span class='ocrx_word' id='word_1_205' title='bbox 1721 1598 1865 1625; x_wconf 70' lang='lat' dir='ltr'>naturae</span> 
     </span>
     <span class='ocr_line' id='line_1_23' title="bbox 345 1642 1865 1693; baseline -0.003 -9"><span class='ocrx_word' id='word_1_206' title='bbox 345 1645 523 1690; x_wconf 60' lang='lat' dir='ltr'>artifieo,</span> <span class='ocrx_word' id='word_1_207' title='bbox 539 1656 641 1683; x_wconf 90' lang='lat' dir='ltr'>uteo</span> <span class='ocrx_word' id='word_1_208' title='bbox 661 1646 712 1686; x_wconf 79' lang='lat' dir='ltr'>ab</span> <span class='ocrx_word' id='word_1_209' title='bbox 723 1645 836 1682; x_wconf 89' lang='lat' dir='ltr'>omni</span> <span class='ocrx_word' id='word_1_210' title='bbox 858 1643 1030 1693; x_wconf 86' lang='lat' dir='ltr'>periculo</span> <span class='ocrx_word' id='word_1_211' title='bbox 1051 1645 1208 1693; x_wconf 88' lang='lat' dir='ltr'>rupium</span> <span class='ocrx_word' id='word_1_212' title='bbox 1233 1643 1299 1680; x_wconf 91' lang='lat' dir='ltr'>ubi</span> <span class='ocrx_word' id='word_1_213' title='bbox 1314 1644 1451 1693; x_wconf 77' lang='lat' dir='ltr'>degere</span> <span class='ocrx_word' id='word_1_214' title='bbox 1471 1642 1568 1679; x_wconf 79' lang='lat' dir='ltr'>solet</span> <span class='ocrx_word' id='word_1_215' title='bbox 1579 1642 1804 1680; x_wconf 85' lang='lat' dir='ltr'>defendatur</span> <span class='ocrx_word' id='word_1_216' title='bbox 1824 1644 1865 1679; x_wconf 82' lang='lat'>&amp;</span> 
     </span>
     <span class='ocr_line' id='line_1_24' title="bbox 345 1697 1865 1748; baseline -0.003 -9"><span class='ocrx_word' id='word_1_217' title='bbox 345 1703 560 1740; x_wconf 87' lang='lat' dir='ltr'>muniatur.</span> <span class='ocrx_word' id='word_1_218' title='bbox 619 1702 724 1739; x_wconf 90' lang='lat' dir='ltr'>Nam</span> <span class='ocrx_word' id='word_1_219' title='bbox 739 1699 760 1737; x_wconf 68' lang='grc' dir='ltr'>ὲ</span> <span class='ocrx_word' id='word_1_220' title='bbox 776 1699 873 1737; x_wconf 82' lang='lat' dir='ltr'>saxis</span> <span class='ocrx_word' id='word_1_221' title='bbox 887 1699 960 1737; x_wconf 83' lang='lat' dir='ltr'>five</span> <span class='ocrx_word' id='word_1_222' title='bbox 973 1700 1011 1736; x_wconf 93' lang='lat' dir='ltr'>in</span> <span class='ocrx_word' id='word_1_223' title='bbox 1026 1699 1091 1736; x_wconf 86' lang='lat' dir='ltr'>illa</span> <span class='ocrx_word' id='word_1_224' title='bbox 1107 1700 1356 1748; x_wconf 66' lang='lat' dir='ltr'>praecipitetur</span> <span class='ocrx_word' id='word_1_225' title='bbox 1369 1698 1521 1741; x_wconf 81' lang='lat' dir='ltr'>testudo</span> <span class='ocrx_word' id='word_1_226' title='bbox 1533 1711 1540 1733; x_wconf 75' lang='lat' dir='ltr'><em>e</em></span> <span class='ocrx_word' id='word_1_227' title='bbox 1553 1697 1631 1735; x_wconf 80' lang='lat' dir='ltr'>fine</span> <span class='ocrx_word' id='word_1_228' title='bbox 1644 1699 1737 1735; x_wconf 89' lang='lat' dir='ltr'>eain</span> <span class='ocrx_word' id='word_1_229' title='bbox 1753 1699 1865 1734; x_wconf 80' lang='lat' dir='ltr'>illam</span> 
     </span>
     <span class='ocr_line' id='line_1_25' title="bbox 344 1752 1864 1804; baseline -0.003 -9"><span class='ocrx_word' id='word_1_230' title='bbox 344 1756 538 1799; x_wconf 67' lang='lat' dir='ltr'>decidant,</span> <span class='ocrx_word' id='word_1_231' title='bbox 553 1766 679 1804; x_wconf 80' lang='lat' dir='ltr'>neque</span> <span class='ocrx_word' id='word_1_232' title='bbox 692 1752 1012 1803; x_wconf 67' lang='lat' dir='ltr'>laediipsameque</span> <span class='ocrx_word' id='word_1_233' title='bbox 1024 1764 1295 1804; x_wconf 81' lang='lat' dir='ltr'>tegumentum</span> <span class='ocrx_word' id='word_1_234' title='bbox 1311 1752 1510 1803; x_wconf 76' lang='lat' dir='ltr'>confringi</span> <span class='ocrx_word' id='word_1_235' title='bbox 1535 1752 1667 1801; x_wconf 88' lang='lat' dir='ltr'>potest.</span> <span class='ocrx_word' id='word_1_236' title='bbox 1727 1753 1864 1790; x_wconf 80' lang='lat' dir='ltr'>Osten-</span> 
     </span>
     <span class='ocr_line' id='line_1_26' title="bbox 343 1807 1868 1862; baseline -0.003 -12"><span class='ocrx_word' id='word_1_237' title='bbox 343 1813 399 1851; x_wconf 88' lang='lat' dir='ltr'>dit</span> <span class='ocrx_word' id='word_1_238' title='bbox 413 1812 486 1850; x_wconf 85' lang='lat' dir='ltr'>hac</span> <span class='ocrx_word' id='word_1_239' title='bbox 498 1810 780 1862; x_wconf 74' lang='lat' dir='ltr'>Hierooraphia</span> <span class='ocrx_word' id='word_1_240' title='bbox 803 1810 1047 1860; x_wconf 83' lang='lat' dir='ltr'>prudentiam</span> <span class='ocrx_word' id='word_1_241' title='bbox 1071 1810 1296 1859; x_wconf 79' lang='lat' dir='ltr'>Mysta,qua</span> <span class='ocrx_word' id='word_1_242' title='bbox 1315 1811 1351 1845; x_wconf 91' lang='lat' dir='ltr'>in</span> <span class='ocrx_word' id='word_1_243' title='bbox 1366 1808 1478 1846; x_wconf 88' lang='lat' dir='ltr'>rebus</span> <span class='ocrx_word' id='word_1_244' title='bbox 1501 1809 1628 1846; x_wconf 85' lang='lat' dir='ltr'>arduis</span> <span class='ocrx_word' id='word_1_245' title='bbox 1652 1810 1689 1845; x_wconf 84' lang='lat'>&amp;</span> <span class='ocrx_word' id='word_1_246' title='bbox 1708 1819 1793 1855; x_wconf 69' lang='lat' dir='ltr'>quae</span> <span class='ocrx_word' id='word_1_247' title='bbox 1816 1807 1868 1845; x_wconf 79' lang='lat' dir='ltr'>ad</span> 
     </span>
     <span class='ocr_line' id='line_1_27' title="bbox 343 1863 1863 1930; baseline -0.003 -25"><span class='ocrx_word' id='word_1_248' title='bbox 343 1866 641 1930; x_wconf 36' lang='lat' dir='ltr'>reip-ublicaesuae</span> <span class='ocrx_word' id='word_1_249' title='bbox 653 1866 814 1904; x_wconf 88' lang='lat' dir='ltr'>salutem</span> <span class='ocrx_word' id='word_1_250' title='bbox 830 1864 1142 1914; x_wconf 75' lang='lat' dir='ltr'>spectantutitur</span> <span class='ocrx_word' id='word_1_251' title='bbox 1198 1865 1389 1902; x_wconf 81' lang='lat' dir='ltr'>Paulatim</span> <span class='ocrx_word' id='word_1_252' title='bbox 1413 1865 1521 1900; x_wconf 88' lang='lat' dir='ltr'>enim</span> <span class='ocrx_word' id='word_1_253' title='bbox 1544 1863 1775 1901; x_wconf 61' lang='lat' dir='ltr'>difficillima</span> <span class='ocrx_word' id='word_1_254' title='bbox 1798 1875 1863 1900; x_wconf 88' lang='lat' dir='ltr'>ne-</span> 
     </span>
     <span class='ocr_line' id='line_1_28' title="bbox 342 1918 1865 1974; baseline -0.003 -13"><span class='ocrx_word' id='word_1_255' title='bbox 342 1925 488 1974; x_wconf 76' lang='lat' dir='ltr'>goria</span> <span class='ocrx_word' id='word_1_256' title='bbox 465 1923 572 1966; x_wconf 71' lang='lat' dir='ltr'>verit,</span> <span class='ocrx_word' id='word_1_257' title='bbox 585 1934 630 1960; x_wconf 87' lang='lat' dir='ltr'>ac</span> <span class='ocrx_word' id='word_1_258' title='bbox 644 1933 729 1959; x_wconf 90' lang='lat' dir='ltr'>non</span> <span class='ocrx_word' id='word_1_259' title='bbox 742 1920 811 1959; x_wconf 86' lang='lat' dir='ltr'>nifi</span> <span class='ocrx_word' id='word_1_260' title='bbox 825 1918 1097 1969; x_wconf 58' lang='lat' dir='ltr'>circumspect&amp;</span> <span class='ocrx_word' id='word_1_261' title='bbox 1113 1922 1150 1958; x_wconf 73' lang='grc' dir='ltr'>ὅ(</span> <span class='ocrx_word' id='word_1_262' title='bbox 1171 1918 1393 1958; x_wconf 72' lang='lat' dir='ltr'>deliberate</span> <span class='ocrx_word' id='word_1_263' title='bbox 1433 1919 1517 1956; x_wconf 84' lang='lat' dir='ltr'>Hae</span> <span class='ocrx_word' id='word_1_264' title='bbox 1529 1920 1636 1956; x_wconf 85' lang='lat' dir='ltr'>enim</span> <span class='ocrx_word' id='word_1_265' title='bbox 1647 1929 1797 1956; x_wconf 78' lang='lat' dir='ltr'>ratione</span> <span class='ocrx_word' id='word_1_266' title='bbox 1806 1929 1865 1956; x_wconf 92' lang='lat' dir='ltr'>tu</span> 
     </span>
     <span class='ocr_line' id='line_1_29' title="bbox 342 1971 1862 2027; baseline -0.004 -11"><span class='ocrx_word' id='word_1_267' title='bbox 342 1977 387 2016; x_wconf 73' lang='grc' dir='ltr'>τὸ</span> <span class='ocrx_word' id='word_1_268' title='bbox 401 1978 448 2016; x_wconf 91' lang='lat' dir='ltr'>ad</span> <span class='ocrx_word' id='word_1_269' title='bbox 459 1987 638 2027; x_wconf 88' lang='lat' dir='ltr'>optatum</span> <span class='ocrx_word' id='word_1_270' title='bbox 653 1975 771 2014; x_wconf 87' lang='lat' dir='ltr'>finem</span> <span class='ocrx_word' id='word_1_271' title='bbox 786 1974 851 2013; x_wconf 85' lang='lat' dir='ltr'>etfi</span> <span class='ocrx_word' id='word_1_272' title='bbox 863 1974 982 2025; x_wconf 86' lang='lat' dir='ltr'>paulo</span> <span class='ocrx_word' id='word_1_273' title='bbox 992 1974 1426 2023; x_wconf 80' lang='lat' dir='ltr'>tard1us‚p.erducuntur</span> <span class='ocrx_word' id='word_1_274' title='bbox 1460 1974 1527 2011; x_wconf 85' lang='lat' dir='ltr'>Sat</span> <span class='ocrx_word' id='word_1_275' title='bbox 1539 1985 1570 2010; x_wconf 90' lang='lat' dir='ltr'>c·</span> <span class='ocrx_word' id='word_1_276' title='bbox 1565 1971 1631 2016; x_wconf 80' lang='lat' dir='ltr'>to,</span> <span class='ocrx_word' id='word_1_277' title='bbox 1645 1975 1773 2022; x_wconf 88' lang='lat' dir='ltr'>inquit</span> <span class='ocrx_word' id='word_1_278' title='bbox 1785 1974 1862 2016; x_wconf 90' lang='lat' dir='ltr'>ille,</span> 
     </span>
     <span class='ocr_line' id='line_1_30' title="bbox 345 2028 1861 2081; baseline -0.003 -11"><span class='ocrx_word' id='word_1_279' title='bbox 345 2034 372 2073; x_wconf 84' lang='lat' dir='ltr'><strong>fi</strong></span> <span class='ocrx_word' id='word_1_280' title='bbox 388 2033 440 2071; x_wconf 87' lang='lat' dir='ltr'>sat</span> <span class='ocrx_word' id='word_1_281' title='bbox 452 2034 568 2073; x_wconf 74' lang='lat' dir='ltr'>bene.</span> <span class='ocrx_word' id='word_1_282' title='bbox 625 2032 859 2080; x_wconf 87' lang='lat' dir='ltr'>Complures</span> <span class='ocrx_word' id='word_1_283' title='bbox 875 2041 1131 2081; x_wconf 83' lang='lat' dir='ltr'>properanter</span> <span class='ocrx_word' id='word_1_284' title='bbox 1153 2033 1192 2067; x_wconf 74' lang='grc' dir='ltr'>ὅ(</span> <span class='ocrx_word' id='word_1_285' title='bbox 1206 2029 1351 2079; x_wconf 81' lang='lat' dir='ltr'>absque</span> <span class='ocrx_word' id='word_1_286' title='bbox 1362 2028 1528 2067; x_wconf 80' lang='lat' dir='ltr'>confilio</span> <span class='ocrx_word' id='word_1_287' title='bbox 1550 2029 1614 2066; x_wconf 89' lang='lat' dir='ltr'>sua</span> <span class='ocrx_word' id='word_1_288' title='bbox 1628 2028 1861 2076; x_wconf 85' lang='lat' dir='ltr'>conficiunt,</span> 
     </span>
     <span class='ocr_line' id='line_1_31' title="bbox 345 2084 1861 2137; baseline -0.004 -11"><span class='ocrx_word' id='word_1_289' title='bbox 345 2101 480 2127; x_wconf 82' lang='lat' dir='ltr'>verum</span> <span class='ocrx_word' id='word_1_290' title='bbox 494 2088 584 2137; x_wconf 77' lang='lat' dir='ltr'>saepc</span> <span class='ocrx_word' id='word_1_291' title='bbox 602 2087 690 2125; x_wconf 90' lang='lat' dir='ltr'>illos</span> <span class='ocrx_word' id='word_1_292' title='bbox 705 2089 960 2137; x_wconf 85' lang='lat' dir='ltr'>properantiae</span> <span class='ocrx_word' id='word_1_293' title='bbox 975 2086 1278 2134; x_wconf 86' lang='lat' dir='ltr'>nimiaepoenitet:</span> <span class='ocrx_word' id='word_1_294' title='bbox 1300 2086 1338 2122; x_wconf 89' lang='lat' dir='ltr'>Si</span> <span class='ocrx_word' id='word_1_295' title='bbox 1352 2085 1482 2133; x_wconf 87' lang='lat' dir='ltr'>aliqua</span> <span class='ocrx_word' id='word_1_296' title='bbox 1496 2096 1551 2121; x_wconf 90' lang='lat' dir='ltr'>res</span> <span class='ocrx_word' id='word_1_297' title='bbox 1561 2084 1748 2121; x_wconf 86' lang='lat' dir='ltr'>celeritate</span> <span class='ocrx_word' id='word_1_298' title='bbox 1759 2096 1861 2132; x_wconf 85' lang='lat' dir='ltr'>opus</span> 
     </span>
     <span class='ocr_line' id='line_1_32' title="bbox 345 2138 1864 2187; baseline -0.006 -3"><span class='ocrx_word' id='word_1_299' title='bbox 345 2144 477 2184; x_wconf 67' lang='lat' dir='ltr'>habet.</span> <span class='ocrx_word' id='word_1_300' title='bbox 495 2156 551 2182; x_wconf 84' lang='lat' dir='ltr'>res</span> <span class='ocrx_word' id='word_1_301' title='bbox 565 2142 699 2181; x_wconf 84' lang='lat' dir='ltr'>bellica</span> <span class='ocrx_word' id='word_1_302' title='bbox 712 2143 784 2180; x_wconf 88' lang='lat' dir='ltr'>est:</span> <span class='ocrx_word' id='word_1_303' title='bbox 815 2142 965 2180; x_wconf 77' lang='lat' dir='ltr'>Verum</span> <span class='ocrx_word' id='word_1_304' title='bbox 988 2143 1085 2179; x_wconf 88' lang='lat' dir='ltr'>ni&amp;</span> <span class='ocrx_word' id='word_1_305' title='bbox 1110 2141 1196 2183; x_wconf 84' lang='lat' dir='ltr'>illa,</span> <span class='ocrx_word' id='word_1_306' title='bbox 1219 2140 1384 2178; x_wconf 84' lang='lat' dir='ltr'>confilio</span> <span class='ocrx_word' id='word_1_307' title='bbox 1418 2138 1620 2177; x_wconf 80' lang='lat' dir='ltr'>subitaneo</span> <span class='ocrx_word' id='word_1_308' title='bbox 1652 2139 1864 2187; x_wconf 76' lang='lat' dir='ltr'>praehabito</span> 
     </span>
     <span class='ocr_line' id='line_1_33' title="bbox 345 2194 1864 2249; baseline -0.003 -13"><span class='ocrx_word' id='word_1_309' title='bbox 345 2209 516 2249; x_wconf 78' lang='lat' dir='ltr'>geratur,</span> <span class='ocrx_word' id='word_1_310' title='bbox 531 2199 750 2236; x_wconf 87' lang='lat' dir='ltr'>multorum</span> <span class='ocrx_word' id='word_1_311' title='bbox 772 2198 893 2235; x_wconf 85' lang='lat' dir='ltr'>exitio</span> <span class='ocrx_word' id='word_1_312' title='bbox 915 2198 1158 2247; x_wconf 72' lang='lat' dir='ltr'>properantis</span> <span class='ocrx_word' id='word_1_313' title='bbox 1182 2196 1336 2234; x_wconf 81' lang='lat' dir='ltr'>stultitia</span> <span class='ocrx_word' id='word_1_314' title='bbox 1361 2194 1549 2244; x_wconf 59' lang='lat' dir='ltr'>plectitur}</span> <span class='ocrx_word' id='word_1_315' title='bbox 1574 2214 1576 2218; x_wconf 44' lang='lat' dir='ltr'>v</span> <span class='ocrx_word' id='word_1_316' title='bbox 1616 2195 1732 2232; x_wconf 85' lang='lat' dir='ltr'>Valet</span> <span class='ocrx_word' id='word_1_317' title='bbox 1757 2196 1864 2232; x_wconf 87' lang='lat' dir='ltr'>enim</span> 
     </span>
     <span class='ocr_line' id='line_1_34' title="bbox 343 2249 1865 2304; baseline -0.004 -11"><span class='ocrx_word' id='word_1_318' title='bbox 343 2255 492 2304; x_wconf 86' lang='lat' dir='ltr'>semper</span> <span class='ocrx_word' id='word_1_319' title='bbox 505 2253 583 2291; x_wconf 85' lang='lat' dir='ltr'>hoc</span> <span class='ocrx_word' id='word_1_320' title='bbox 597 2253 758 2302; x_wconf 74' lang='lat' dir='ltr'>Salustii:</span> <span class='ocrx_word' id='word_1_321' title='bbox 772 2251 1001 2304; x_wconf 81' lang='lat' dir='ltr'>priusquam</span> <span class='ocrx_word' id='word_1_322' title='bbox 1014 2253 1177 2301; x_wconf 83' lang='lat' dir='ltr'>incipias</span> <span class='ocrx_word' id='word_1_323' title='bbox 1189 2251 1429 2296; x_wconf 78' lang='lat' dir='ltr'>consulto,at</span> <span class='ocrx_word' id='word_1_324' title='bbox 1447 2251 1515 2295; x_wconf 77' lang='lat' dir='ltr'>ubi</span> <span class='ocrx_word' id='word_1_325' title='bbox 1527 2249 1767 2290; x_wconf 85' lang='lat' dir='ltr'>consulueris</span> <span class='ocrx_word' id='word_1_326' title='bbox 1779 2249 1865 2288; x_wconf 80' lang='lat' dir='ltr'>rna·</span> 
     </span>
     <span class='ocr_line' id='line_1_35' title="bbox 345 2304 1809 2359; baseline -0.005 -11"><span class='ocrx_word' id='word_1_327' title='bbox 345 2308 430 2349; x_wconf 72' lang='lat' dir='ltr'>ture</span> <span class='ocrx_word' id='word_1_328' title='bbox 441 2321 542 2359; x_wconf 87' lang='lat' dir='ltr'>opus</span> <span class='ocrx_word' id='word_1_329' title='bbox 555 2309 607 2347; x_wconf 88' lang='lat' dir='ltr'>est</span> <span class='ocrx_word' id='word_1_330' title='bbox 617 2308 737 2346; x_wconf 63' lang='lat' dir='ltr'>facto.</span> <span class='ocrx_word' id='word_1_331' title='bbox 1499 2304 1503 2305; x_wconf 49' lang='lat'><em>⁷</em></span> <span class='ocrx_word' id='word_1_332' title='bbox 1805 2326 1809 2327; x_wconf 32' lang='grc' dir='ltr'><em>ν</em></span> 
     </span>
    </p>
   </div>
   <div class='ocr_carea' id='block_1_5' title="bbox 529 2398 1730 2463">
    <p class='ocr_par' dir='ltr' id='par_1_5' title="bbox 529 2398 1730 2463">
     <span class='ocr_line' id='line_1_36' title="bbox 529 2398 1730 2463; baseline -0.002 0"><span class='ocrx_word' id='word_1_333' title='bbox 529 2412 720 2463; x_wconf 85' lang='lat' dir='ltr'>NON</span> <span class='ocrx_word' id='word_1_334' title='bbox 781 2412 995 2463; x_wconf 83' lang='lat' dir='ltr'>suNT</span> <span class='ocrx_word' id='word_1_335' title='bbox 1054 2412 1303 2463; x_wconf 77' lang='lat' dir='ltr'>TALEs</span> <span class='ocrx_word' id='word_1_336' title='bbox 1350 2398 1730 2463; x_wconf 75' lang='lat' dir='ltr'><strong>AMORES.-</strong></span> 
     </span>
    </p>
   </div>
   <div class='ocr_carea' id='block_1_6' title="bbox 340 2495 1865 2824">
    <p class='ocr_par' dir='ltr' id='par_1_6' title="bbox 340 2495 1865 2824">
     <span class='ocr_line' id='line_1_37' title="bbox 461 2495 1865 2548; baseline -0.004 -11"><span class='ocrx_word' id='word_1_337' title='bbox 461 2498 553 2537; x_wconf 91' lang='lat' dir='ltr'>Duo</span> <span class='ocrx_word' id='word_1_338' title='bbox 568 2500 773 2538; x_wconf 69' lang='lat' dir='ltr'>Hastarum</span> <span class='ocrx_word' id='word_1_339' title='bbox 788 2499 981 2548; x_wconf 86' lang='lat' dir='ltr'>manipuli</span> <span class='ocrx_word' id='word_1_340' title='bbox 1005 2500 1122 2537; x_wconf 65' lang='lat' dir='ltr'>vineti</span> <span class='ocrx_word' id='word_1_341' title='bbox 1144 2498 1400 2541; x_wconf 83' lang='lat' dir='ltr'>concordiam</span> <span class='ocrx_word' id='word_1_342' title='bbox 1415 2495 1585 2547; x_wconf 55' lang='lat' dir='ltr'>virestiue</span> <span class='ocrx_word' id='word_1_343' title='bbox 1597 2495 1865 2545; x_wconf 73' lang='lat' dir='ltr'>junstas&#39;&#39;n1ul·</span> 
     </span>
     <span class='ocr_line' id='line_1_38' title="bbox 343 2552 1864 2606; baseline -0.003 -14"><span class='ocrx_word' id='word_1_344' title='bbox 343 2565 489 2606; x_wconf 84' lang='lat' dir='ltr'>torum</span> <span class='ocrx_word' id='word_1_345' title='bbox 547 2556 582 2592; x_wconf 97' lang='lat' dir='ltr'>V</span> <span class='ocrx_word' id='word_1_346' title='bbox 587 2555 731 2597; x_wconf 85' lang='lat' dir='ltr'>incula,</span> <span class='ocrx_word' id='word_1_347' title='bbox 747 2566 921 2592; x_wconf 84' lang='lat' dir='ltr'>amorem</span> <span class='ocrx_word' id='word_1_348' title='bbox 934 2554 1163 2603; x_wconf 72' lang='lat' dir='ltr'>significant</span> <span class='ocrx_word' id='word_1_349' title='bbox 1195 2555 1249 2591; x_wconf 93' lang='lat' dir='ltr'>Vt</span> <span class='ocrx_word' id='word_1_350' title='bbox 1262 2566 1369 2591; x_wconf 79' lang='lat' dir='ltr'>enlm</span> <span class='ocrx_word' id='word_1_351' title='bbox 1386 2554 1525 2600; x_wconf 61' lang='lat' dir='ltr'>junctae</span> <span class='ocrx_word' id='word_1_352' title='bbox 1548 2553 1661 2590; x_wconf 80' lang='lat' dir='ltr'>hastae</span> <span class='ocrx_word' id='word_1_353' title='bbox 1681 2552 1791 2589; x_wconf 71' lang='lat' dir='ltr'>nulia</span> <span class='ocrx_word' id='word_1_354' title='bbox 1805 2563 1864 2588; x_wconf 80' lang='lat' dir='ltr'>ra·</span> 
     </span>
     <span class='ocr_line' id='line_1_39' title="bbox 340 2607 1863 2660; baseline -0.003 -13"><span class='ocrx_word' id='word_1_355' title='bbox 340 2613 450 2648; x_wconf 90' lang='lat' dir='ltr'>tione</span> <span class='ocrx_word' id='word_1_356' title='bbox 461 2609 637 2660; x_wconf 79' lang='lat' dir='ltr'>infringi,</span> <span class='ocrx_word' id='word_1_357' title='bbox 644 2621 691 2648; x_wconf 87' lang='lat' dir='ltr'>ne</span> <span class='ocrx_word' id='word_1_358' title='bbox 703 2609 724 2646; x_wconf 72' lang='lat' dir='ltr'>a</span> <span class='ocrx_word' id='word_1_359' title='bbox 739 2609 1007 2647; x_wconf 70' lang='lat' dir='ltr'>robustissimo</span> <span class='ocrx_word' id='word_1_360' title='bbox 1021 2611 1179 2658; x_wconf 85' lang='lat' dir='ltr'>quidem</span> <span class='ocrx_word' id='word_1_361' title='bbox 1192 2611 1287 2653; x_wconf 80' lang='lat' dir='ltr'>vim,</span> <span class='ocrx_word' id='word_1_362' title='bbox 1301 2607 1461 2658; x_wconf 81' lang='lat' dir='ltr'>separati</span> <span class='ocrx_word' id='word_1_363' title='bbox 1475 2607 1660 2646; x_wconf 71' lang='lat' dir='ltr'>facillime</span> <span class='ocrx_word' id='word_1_364' title='bbox 1673 2619 1716 2644; x_wconf 90' lang='lat' dir='ltr'>ac</span> <span class='ocrx_word' id='word_1_365' title='bbox 1729 2619 1750 2643; x_wconf 87' lang='lat' dir='ltr'>a</span> <span class='ocrx_word' id='word_1_366' title='bbox 1773 2617 1863 2655; x_wconf 88' lang='lat' dir='ltr'>pue-</span> 
     </span>
     <span class='ocr_line' id='line_1_40' title="bbox 344 2660 1864 2714; baseline -0.003 -11"><span class='ocrx_word' id='word_1_367' title='bbox 344 2678 391 2703; x_wconf 88' lang='lat' dir='ltr'>ro</span> <span class='ocrx_word' id='word_1_368' title='bbox 402 2665 565 2714; x_wconf 79' lang='lat' dir='ltr'>possunr.</span> <span class='ocrx_word' id='word_1_369' title='bbox 589 2667 643 2702; x_wconf 92' lang='lat' dir='ltr'>lta</span> <span class='ocrx_word' id='word_1_370' title='bbox 656 2667 775 2703; x_wconf 78' lang='lat' dir='ltr'>etiam</span> <span class='ocrx_word' id='word_1_371' title='bbox 787 2677 904 2714; x_wconf 83' lang='lat' dir='ltr'>regna</span> <span class='ocrx_word' id='word_1_372' title='bbox 926 2677 971 2702; x_wconf 90' lang='lat' dir='ltr'>ac</span> <span class='ocrx_word' id='word_1_373' title='bbox 986 2666 1155 2714; x_wconf 75' lang='lat' dir='ltr'>Reipub.</span> <span class='ocrx_word' id='word_1_374' title='bbox 1175 2660 1389 2702; x_wconf 86' lang='lat' dir='ltr'>concordes</span> <span class='ocrx_word' id='word_1_375' title='bbox 1414 2664 1522 2701; x_wconf 87' lang='lat' dir='ltr'>nulla</span> <span class='ocrx_word' id='word_1_376' title='bbox 1535 2663 1706 2700; x_wconf 80' lang='lat' dir='ltr'>hostium</span> <span class='ocrx_word' id='word_1_377' title='bbox 1729 2660 1864 2700; x_wconf 83' lang='lat' dir='ltr'>visub-</span> 
     </span>
     <span class='ocr_line' id='line_1_41' title="bbox 343 2717 1862 2770; baseline -0.004 -12"><span class='ocrx_word' id='word_1_378' title='bbox 343 2733 417 2759; x_wconf 72' lang='lat' dir='ltr'>vxer</span> <span class='ocrx_word' id='word_1_379' title='bbox 416 2720 620 2770; x_wconf 87' lang='lat' dir='ltr'>-ipossunt.</span> <span class='ocrx_word' id='word_1_380' title='bbox 649 2721 762 2757; x_wconf 87' lang='lat' dir='ltr'>Hanc</span> <span class='ocrx_word' id='word_1_381' title='bbox 774 2721 1031 2758; x_wconf 81' lang='lat' dir='ltr'>concordiam</span> <span class='ocrx_word' id='word_1_382' title='bbox 1046 2719 1248 2757; x_wconf 78' lang='lat' dir='ltr'>conservat</span> <span class='ocrx_word' id='word_1_383' title='bbox 1260 2731 1375 2758; x_wconf 86' lang='lat' dir='ltr'>amor</span> <span class='ocrx_word' id='word_1_384' title='bbox 1385 2720 1531 2763; x_wconf 82' lang='lat' dir='ltr'>civium</span> <span class='ocrx_word' id='word_1_385' title='bbox 1552 2730 1640 2768; x_wconf 80' lang='lat' dir='ltr'>erga</span> <span class='ocrx_word' id='word_1_386' title='bbox 1659 2717 1693 2754; x_wconf 87' lang='lat' dir='ltr'>se</span> <span class='ocrx_word' id='word_1_387' title='bbox 1707 2725 1862 2758; x_wconf 86' lang='lat' dir='ltr'>mutuo,</span> 
     </span>
     <span class='ocr_line' id='line_1_42' title="bbox 343 2771 1863 2824; baseline -0.004 -11"><span class='ocrx_word' id='word_1_388' title='bbox 343 2789 463 2823; x_wconf 79' lang='lat' dir='ltr'>quem</span> <span class='ocrx_word' id='word_1_389' title='bbox 478 2779 594 2813; x_wconf 70' lang='lat' dir='ltr'>virtus</span> <span class='ocrx_word' id='word_1_390' title='bbox 618 2778 656 2813; x_wconf 76' lang='grc' dir='ltr'>ὅ(</span> <span class='ocrx_word' id='word_1_391' title='bbox 669 2777 784 2813; x_wconf 79' lang='lat' dir='ltr'>bonae</span> <span class='ocrx_word' id='word_1_392' title='bbox 797 2776 897 2823; x_wconf 80' lang='lat' dir='ltr'>leges</span> <span class='ocrx_word' id='word_1_393' title='bbox 912 2773 1128 2824; x_wconf 70' lang='lat' dir='ltr'>{in-liliaque</span> <span class='ocrx_word' id='word_1_394' title='bbox 1151 2777 1297 2813; x_wconf 79' lang='lat' dir='ltr'>civium</span> <span class='ocrx_word' id='word_1_395' title='bbox 1323 2775 1442 2811; x_wconf 85' lang='lat' dir='ltr'>studia</span> <span class='ocrx_word' id='word_1_396' title='bbox 1457 2785 1583 2823; x_wconf 89' lang='lat' dir='ltr'>parere</span> <span class='ocrx_word' id='word_1_397' title='bbox 1597 2773 1733 2810; x_wconf 85' lang='lat' dir='ltr'>solent.</span> <span class='ocrx_word' id='word_1_398' title='bbox 1789 2771 1863 2808; x_wconf 90' lang='lat' dir='ltr'>Hic</span> 
     </span>
    </p>
   </div>
   <div class='ocr_carea' id='block_1_7' title="bbox 343 2828 1864 2925">
    <p class='ocr_par' dir='ltr' id='par_1_7' title="bbox 343 2828 1864 2925">
     <span class='ocr_line' id='line_1_43' title="bbox 343 2828 1864 2880; baseline -0.005 -11"><span class='ocrx_word' id='word_1_399' title='bbox 343 2831 369 2870; x_wconf 82' lang='lat' dir='ltr'>fi</span> <span class='ocrx_word' id='word_1_400' title='bbox 383 2833 532 2869; x_wconf 82' lang='lat' dir='ltr'>labatur</span> <span class='ocrx_word' id='word_1_401' title='bbox 544 2842 612 2869; x_wconf 85' lang='lat' dir='ltr'>aut</span> <span class='ocrx_word' id='word_1_402' title='bbox 625 2832 788 2876; x_wconf 82' lang='lat' dir='ltr'>vacillet,</span> <span class='ocrx_word' id='word_1_403' title='bbox 804 2833 842 2868; x_wconf 85' lang='lat'>&amp;</span> <span class='ocrx_word' id='word_1_404' title='bbox 856 2831 913 2869; x_wconf 84' lang='lat' dir='ltr'>vel</span> <span class='ocrx_word' id='word_1_405' title='bbox 927 2841 1078 2880; x_wconf 74' lang='lat' dir='ltr'>propter</span> <span class='ocrx_word' id='word_1_406' title='bbox 1089 2828 1276 2869; x_wconf 82' lang='lat' dir='ltr'>diversam</span> <span class='ocrx_word' id='word_1_407' title='bbox 1287 2830 1547 2879; x_wconf 85' lang='lat' dir='ltr'>relligionem,</span> <span class='ocrx_word' id='word_1_408' title='bbox 1562 2838 1629 2866; x_wconf 88' lang='lat' dir='ltr'>aut</span> <span class='ocrx_word' id='word_1_409' title='bbox 1650 2828 1744 2865; x_wconf 87' lang='lat' dir='ltr'>alias</span> <span class='ocrx_word' id='word_1_410' title='bbox 1771 2837 1864 2863; x_wconf 81' lang='lat' dir='ltr'>cau-</span> 
     </span>
     <span class='ocr_line' id='line_1_44' title="bbox 1789 2880 1860 2925; baseline 0.014 -8"><span class='ocrx_word' id='word_1_411' title='bbox 1789 2880 1860 2925; x_wconf 84' lang='lat' dir='ltr'>sas,</span> 
     </span>
    </p>
   </div>
  </div>
 </body>
</html>
