1980 3369
1528 246 1619 292 113.

85 295 249 343 desiderij
276 295 466 333 flammeo
491 295 560 332 illo
585 307 777 333 mucrone
790 294 1022 345 designatur
1082 298 1188 347 Ignis
1203 296 1388 346 siquidem
1404 298 1441 335 ὅ(
1456 297 1620 335 flamma

87 361 128 388 ut
141 351 318 388 ardorem
334 350 491 393 habent,
505 352 557 396 jta
570 353 743 388 animi&
759 352 978 400 cupiditatis
993 353 1171 391 ardorem
1187 351 1288 390 reete
1302 363 1438 390 notare
1452 352 1621 402 possunt.

87 407 252 443 Romal
258 419 267 442 1
281 417 398 443 etiam
408 406 504 443 dum
516 418 606 447 cum
622 406 727 443 hoste
740 407 974 455 congressuri
989 407 1103 444 effent
1114 417 1155 444 ut
1169 420 1306 461 pugnae
1319 408 1456 445 ardens
1476 409 1621 446 deiide-

85 462 188 498 rium
201 462 459 504 ostenderent,
474 462 643 511 gladios
636 474 675 503 ln
690 461 791 499 scuta
804 462 1057 501 verberabant
1066 463 1403 512 concussioneque
1421 463 1621 514 fragorem

85 517 298 566 ingentem,
313 526 480 553 acmotu
493 516 609 566 gladij
634 518 821 554 micantes
844 516 1033 565 fulgores,
1049 519 1147 567 ignis
1161 518 1276 557 instar
1302 520 1342 556 in
1358 518 1484 556 hostes
1496 523 1621 566 jacere

86 572 328 610 videbantur.
386 573 480 609 Non
495 572 596 609 male
610 574 742 620 itaque
756 571 991 620 Symbolum
1006 573 1263 622 Hieroglypto
1280 576 1478 611 convenit.
1511 574 1621 611 Cum

87 628 204 664 virtus
218 627 352 666 bellica
365 638 449 663 non
463 626 530 664 nisi
542 627 674 676 gladio
688 629 829 677 ignito,
844 627 922 665 hoc
945 628 996 665 est
1009 629 1059 673 vi,
1083 640 1127 665 ac
1142 625 1266 665 a'nimi
1279 629 1431 673 ardore,
1455 629 1620 679 diligen-

86 680 223 731 tiac'gue
233 683 472 719 othneatur.

264 770 642 819 SOLATuR
703 770 1290 821 CONSCIENTIA
1347 757 1444 821 ET

827 865 1046 898 FINIS.

237 942 323 980 Leo
337 941 414 979 hoc
437 941 529 980 loco
554 942 721 979 caudam
744 940 934 979 elevatam
958 941 1120 985 habens,
1136 954 1181 980 ac
1206 941 1426 980 diademate
1439 951 1618 987 ornatus,

85 997 266 1034 animum
293 999 477 1046 Principis
499 1008 622 1034 notat.
661 999 749 1034 Hoc
772 999 878 1035 enim
902 998 1101 1046 proprium
1122 998 1252 1041 leoni,
1269 1007 1311 1035 ut
1333 1009 1424 1041 cum
1444 996 1621 1036 maxime

84 1053 287 1090 animosus
299 1053 350 1090 est
361 1053 528 1094 caudam
544 1051 689 1089 sursum
704 1053 836 1101 erigat.
894 1053 1091 1089 Animum
1117 1054 1249 1100 itaque
1260 1052 1497 1103 generosum
1511 1054 1620 1091 Prin·

84 1110 179 1157 cipis
219 1108 535 1146 SOLATVR
570 1107 1052 1148 CONSCIENTIA
1085 1109 1160 1145 ET
1194 1109 1366 1146 FlNIS
1394 1109 1621 1159 utSymbo-

84 1165 168 1202 lum
183 1164 365 1201 declarat.
412 1162 664 1201 Conscientia
689 1160 789 1199 reete
802 1163 1018 1200 voluntatis
1033 1191 1042 1205 ‚
1070 1165 1244 1200 maxima
1265 1163 1486 1202 consolatio
1501 1164 1552 1201 est
1565 1175 1620 1201 re·

82 1231 170 1257 rum
185 1219 544 1262 incommodatum,
557 1231 602 1256 ac
615 1218 713 1255 bene
727 1219 818 1256 aecae
828 1220 925 1261 vitae,
937 1219 1238 1267 multorumque
1250 1218 1549 1257 benefastorum
1562 1231 1621 1257 te·

31 1284 33 1287 ’
83 1275 276 1319 coi-datio,
290 1274 571 1322 jucundissima
587 1275 651 1311 est.
689 1274 845 1311 Solatur
857 1287 932 1311 nos
945 1274 1181 1316 ,conscientia
1197 1275 1303 1311 bona
1317 1284 1472 1323 propter
1484 1274 1620 1319 finem..

49 1325 65 1340 ⁸
81 1331 119 1368 Si
136 1332 242 1367 enim
258 1331 402 1367 nullius
416 1330 509 1368 mali
523 1339 591 1367 aut
605 1331 750 1379 pcccati
765 1330 881 1366 nobis
895 1329 1038 1379 conscii
1054 1329 1184 1373 simus,
1199 1342 1284 1367 non
1297 1328 1428 1367 solum
1442 1328 1567 1367 secute
1579 1332 1619 1368 ὅ(

83 1385 253 1434 jucunde
266 1387 446 1428 vivimus,
466 1385 526 1422 sed
541 1395 722 1422 aeternam
744 1385 911 1435 gloriam
930 1385 1055 1428 finem
1078 1386 1261 1422 ultimum
1276 1412 1286 1429 ,
1308 1386 1376 1436 qui
1392 1385 1440 1422 ab
1453 1385 1621 1423 homine

81 1442 284 1480 desiderari
296 1441 506 1491 possit,nos
520 1441 797 1478 consecuturos
812 1440 964 1478 scimus.
1021 1441 1058 1477 Si
1073 1441 1222 1477 bonam
1237 1439 1519 1492 conscientiam
1533 1453 1620 1479 non

81 1497 312 1540 habeamus,
330 1498 523 1546 angimur,
546 1497 736 1534 tristamur
753 1524 762 1540 ‚
786 1507 829 1533 ac
841 1495 1085 1534 conscientiae
1113 1495 1274 1534 stimulis
1295 1492 1346 1532 ita
1361 1497 1565 1546 agitamur,
1579 1500 1622 1533 ur

82 1553 182 1590 nihil
197 1554 314 1591 nobis
329 1552 918 1601 laetum,jucundum&gratum
931 1551 985 1595 sit,
1045 1550 1169 1588 Nulla
1192 1553 1300 1588 enim
1323 1563 1441 1600 poena
1467 1554 1621 1601 gravior

81 1609 188 1646 mala
202 1607 459 1647 conscientia;
481 1619 566 1654 quae
584 1606 888 1645 audacissimum
901 1635 911 1651 ,
935 1606 1245 1645 timidissimum:
1267 1605 1619 1654 jucundissimum,

81 1663 338 1702 tristissimum
348 1663 454 1708 facit,
464 1663 535 1701 css'e
546 1663 707 1701 videtur.
738 1663 778 1710 Ei
785 1674 828 1700 us
842 1666 921 1701 vim
933 1660 1106 1713 apprime
1117 1662 1284 1711 explicat
1297 1663 1493 1700 Iuvenalis
1506 1676 1516 1700 :

1001 1735 1074 1771 cur
1082 1729 1229 1771 ,tamen
1239 1718 1309 1765 hos
1319 1730 1366 1766 tu

367 1787 566 1854 Evafiſj}
576 1799 704 1853 putes
726 1807 827 1856 quos
837 1790 930 1838 dixi
938 1792 965 1836 ,Ρ
993 1789 1258 1855 εονψέιιβιὲῗί

369 1862 455 1911 M
452 1878 525 1907 cns
545 1858 663 1908 habet
684 1862 897 1916 attonitos,
920 1857 1111 1921 &ffirdo
1132 1858 1317 1908 ‘verbere'
1331 1860 1444 1907 caedit

367 1929 595 1979 Occultum
616 1933 824 1997 quatiente
836 1932 980 1978 animo
1003 1943 1145 1979 tortore
1147 1929 1386 1996 flagellum

367 2003 499 2050 Poena
521 2015 669 2050 autem
685 2003 943 2058 vehemens,
967 2018 1014 2048 ac
1027 2001 1285 2065 nullost’m'or
1296 2001 1380 2049 illis

361 2069 497 2140 Qs
511 2069 577 2129 Εἴ
591 2074 936 2137 Seditimgmvis
949 2073 1116 2121 invenit
1133 2089 1181 2119 ac
1190 2072 1514 2121 Rhadamantm

368 2145 423 2191 Ν
422 2143 508 2191 offe
520 2144 627 2211 dieq‘
626 2142 968 2210 fhumgestarc
951 2143 1163 2209 mpeeilore
1173 2140 1341 2211 testem

233 2212 414 2257 Plautus
405 2226 443 2250 in
460 2214 696 2252 Mustellaria
712 2217 788 2252 ait:
809 2214 922 2253 Nihil
937 2215 988 2252 est
1000 2214 1169 2251 misenus
1183 2212 1304 2262 quam
1321 2213 1475 2250 animus
1489 2209 1621 2248 homi-

82 2268 140 2304 nis
153 2268 344 2306 conicius.
399 2270 498 2306 Finis
510 2271 627 2307 etiam
642 2270 749 2313 hunc
766 2264 982 2319 Principem
1007 2270 1174 2313 solatur,
1197 2281 1339 2318 nempe
1359 2269 1435 2305 vita
1459 2277 1595 2304 :eterna
1609 2288 1621 2305 ,

80 2324 172 2369 quia
186 2335 326 2360 omnes
341 2337 546 2369 aerumnas,
562 2326 819 2370 calamitates,
842 2324 1059 2375 mortisque
1080 2325 1274 2374 angustias
1292 2325 1485 2366 obliterat,
1501 2334 1545 2359 ac
1559 2333 1621 2358 ex-

80 2380 234 2427 tinguit,
253 2378 543 2419 suadulcedine.
603 2382 692 2418 Haec
715 2381 839 2419 finon
854 2381 1075 2431 speraretur,
1090 2380 1215 2427 bcstijs
1238 2381 1366 2417 homo
1382 2375 1501 2427 longe
1514 2375 1621 2413 mise·

80 2433 270 2477 rim-essct,
285 2436 393 2482 quod
409 2437 734 2486 negotij5,1’tudijs,
751 2447 975 2486 paupertate
991 2465 1000 2480 ,
1023 2436 1220 2480 servitute,
1243 2432 1459 2483 mortisque
1480 2435 1623 2469 timore

81 2501 254 2538 angatur:
282 2490 402 2527 bestioe
426 2490 517 2529 vero
535 2491 679 2530 horum
691 2495 874 2530 omnium
888 2491 1172 2542 ignarae‚secure
1184 2504 1228 2529 ac
1242 2489 1357 2528 libere
1370 2493 1513 2527 vivant.
1544 2487 1624 2527 Ve÷

80 2542 261 2593 reitaque
295 2546 617 2584 SOLATVR
651 2547 1134 2586 CONSCIENTLA
1168 2548 1243 2584 ET
1290 2545 1480 2584 FINIS.

386 2660 587 2710 ERIT
634 2658 957 2727 ALTERA
1006 2658 1350 2717 MERCES,

232 2755 322 2792 Haec
337 2756 503 2804 praefesti
521 2755 649 2793 classis
672 2754 876 2790 maritima:
901 2754 1020 2803 Regis
1033 2753 1307 2802 Hispaniarum
1322 2749 1621 2800 Hierographia,

78 2808 234 2858 elegans
246 2812 309 2853 est,
326 2813 434 2860 quod
447 2810 581 2848 verum
599 2808 786 2860 generosi,
803 2811 839 2845 ὃ(
856 2809 952 2846 boni
967 2810 1130 2857 praefeeti
1155 2809 1332 2847 officium
1347 2802 1499 2844 indicet.
1538 2804 1618 2841 Pal-

78 2876 150 2902 rnae
166 2868 271 2904 enim
285 2879 416 2904 ramus
431 2868 651 2910 vietor-iam,
669 2867 707 2902 δε
724 2864 918 2912 cupressi,
931 2875 1096 2903 mortem
1111 2863 1311 2914 fignificat.
1369 2861 1571 2953 (ᾈῖάυξ
1577 2858 1623 2951 {1317

802 2920 833 2957 L
887 2933 901 2962 3
1478 2927 1521 2953 us
1559 2926 1577 2951 e
1609 2923 1622 2948 ι
