1980 3369
365 184 446 233 ¹4⁵
501 257 881 317 XXXVII.
939 254 1679 311 HIEROGRAPHIA.

417 371 573 411 Factum
600 367 701 408 bene
730 370 777 406 ab
799 367 1012 419 antiquario
1030 365 1178 403 Caelaris
1194 393 1204 409 ,
1224 363 1330 415 quod
1345 363 1453 402 suum
1471 365 1607 418 cuique
1624 367 1834 418 Hierogra-

366 426 463 478 phiae
481 425 681 462 austorern
700 425 739 461 &
755 420 1068 473 Hierographum
1077 421 1162 461 ciet,
1219 417 1387 457 Simodo
1398 431 1549 457 nomen
1561 419 1693 465 exstet,
1705 421 1742 458 ὅ(
1753 432 1839 460 non

366 491 521 531 tempus
532 478 626 517 edax
635 476 859 520 rerum,hoc
867 483 1022 528 quoque
1032 473 1246 524 abliguririt.
1279 473 1614 524 quemadmodum
1628 474 1736 524 hujus
1746 475 1840 512 Hie-

367 533 577 586 rographiae
588 561 598 575 ,
622 545 706 569 non
722 530 845 570 modo
856 526 1196 570 Brunsvicenslum,
1213 525 1275 565 sed
1287 526 1589 566 &litteratorum
1600 529 1833 580 Principem,

367 589 585 626 Henricum
598 586 745 633 Iulium.
774 587 878 622 Nam
889 597 979 622 cum
994 580 1035 618 sit
1046 582 1145 619 inter
1156 581 1356 631 proverbia
1376 597 1382 618 z
1403 580 1449 625 μιῖ
1460 592 1568 633 725&
1581 584 1701 622 λέοντα
1715 586 1844 633 ὀχυράς

367 641 557 693 insignem
565 640 659 679 vero
669 639 829 692 gloriam
840 667 849 682 ,
860 638 960 676 dicet
970 635 1098 687 aliquis
1107 664 1117 679 ,
1135 634 1160 672 si
1172 647 1280 685 capra
1289 634 1350 672 vel
1360 635 1526 673 silvestris
1537 667 1547 682 ,
1557 636 1577 674 e
1586 651 1680 688 rupe
1699 637 1837 676 alicubi

368 708 485 748 rapta,
495 695 555 733 vel
566 692 774 733 domestica
786 692 806 730 ἐ
827 691 971 730 stabulo
981 701 1110 741 erepta
1122 688 1163 726 sit
1178 690 1199 727 a
1219 691 1352 728 Leone
1372 689 1382 726 ?
1415 704 1523 741 capra
1538 704 1670 729 autem
1687 690 1741 729 est
1756 720 1767 736 ‚
1799 695 1840 730 in

369 763 487 802 quam
503 749 567 788 hic
582 748 647 786 leo
667 745 778 785 insilit
793 762 801 785 :
824 745 1017 798 serpillum
1038 745 1145 782 enim
1165 742 1236 792 (sic
1247 744 1338 781 hirci
1349 744 1504 783 barbam
1522 746 1713 797 appellant
1730 749 1842 792 >non

371 817 502 844 cerno.
545 805 581 842 Si
595 814 720 840 tantus
742 812 966 840 contemtus
978 797 1031 836 est
1040 811 1232 837 cornuum
1246 811 1381 848 caprae3
1405 798 1458 835 est
1478 811 1609 838 autem
1632 816 1639 839 ε
1661 803 1838 841 etenim-2

371 861 480 912 pueri
496 858 659 898 infantes
674 855 802 894 rident
811 856 928 893 etiarn
939 854 1037 905 capri
1047 865 1203 897 cornua,
1214 866 1296 890 non
1312 851 1520 904 despiciunt
1534 855 1686 893 Leones
1698 855 1842 899 modo;

372 926 449 953 nec
461 912 675 951 horrendus
685 909 860 961 profesto
872 907 1019 948 morsus
1031 923 1038 944 ·.
1052 906 1159 959 lingit
1169 910 1275 944 enim
1288 920 1371 944 non
1384 909 1551 946 mordet.
1561 910 1678 949 Unde
1690 911 1729 949 ὃς
1738 908 1840 949 aliud

345 984 348 987 ’
373 968 643 1021 proverbium:
655 967 820 1003 Sontem
829 965 890 1003 vel
900 975 1008 1015 capra
1017 963 1204 1000 mordeat.
1238 963 1299 998 De
1309 972 1388 999 tam
1397 961 1457 1000 vili
1469 962 1575 1000 hoste
1586 977 1660 1001 nec
1669 963 1841 1016 speiran-

372 1023 422 1062 da
431 1035 505 1062 nee
514 1018 759 1072 exspectanda
768 1018 891 1056 laurea
900 1017 961 1056 est.
1010 1016 1130 1069 Qod
1146 1015 1171 1053 sl
1188 1018 1309 1068 Capra
1319 1015 1495 1054 straviss'et
1509 1029 1551 1055 ae
1568 1018 1720 1069 cepisset
1735 1019 1840 1056 Leo-

375 1090 471 1118 nem
485 1089 565 1126 3⁴res
575 1086 688 1118 nova,
698 1071 973 1117 memorabilis,
987 1070 1191 1125 spectabilis
1203 1070 1325 1108 fuerit.
1381 1073 1483 1109 Nam
1495 1071 1746 1123 pollentiores
1758 1106 1768 1121 ,
1798 1075 1841 1112 in

374 1129 508 1176 manu,
518 1142 558 1169 ut
568 1129 650 1167 Leo
658 1129 698 1167 in
705 1129 907 1180 ungue‚jus
915 1127 1066 1165 habent.
1108 1127 1197 1163 Hoc
1206 1123 1230 1162 si
1239 1126 1395 1177 quando
1405 1127 1510 1164 Deus
1520 1125 1746 1171 vindicet‚ut
1756 1129 1842 1166 Sin-

376 1185 614 1227 nacheribbo
625 1182 828 1235 profligato
838 1193 900 1220 aut
909 1183 1024 1220 virtus
1033 1181 1054 1218 a
1070 1182 1175 1223 Deo,
1186 1191 1227 1217 ut
1235 1180 1366 1232 fugato
1379 1181 1505 1218 Xerxe
1514 1183 1682 1233 apparuit
1694 1197 1703 1227 3
1722 1182 1761 1221 id
1775 1194 1843 1220 ve-

375 1239 422 1280 ro
436 1239 689 1279 admiratione
701 1238 738 1275 &
748 1237 902 1276 honore
913 1237 1086 1288 dignum,
1096 1234 1276 1272 homines
1293 1234 1461 1273 censent.
1512 1237 1603 1274 Haee
1619 1236 1767 1274 diceret
1776 1235 1844 1274 ali-

406 1296 478 1340 uis,
487 1295 550 1346 qui
561 1291 957 1344 nesciret,Principen-i
967 1289 1175 1327 litteratum
1186 1288 1258 1325 esse
1268 1289 1476 1327 aut'lorem.
1487 1289 1591 1328 Cum
1602 1301 1732 1328 autern
1744 1303 1845 1329 con..

377 1309 460 1394 get,
472 1348 555 1401 quis
567 1346 608 1385 sit
620 1346 767 1390 austor3
779 1346 807 1382 is
817 1343 935 1397 figura
946 1342 1079 1382 oculos
1089 1356 1172 1381 non
1184 1345 1366 1380 terminat
1379 1360 1388 1388 3
1405 1343 1468 1382 sed
1480 1345 1578 1382 redit
1587 1344 1633 1383 ad
1648 1356 1844 1385 mentem:

376 1406 416 1444 &
427 1404 588 1456 penitius
598 1402 646 1439 de
657 1412 765 1452 capra
773 1401 923 1452 cogitat.
956 1398 1015 1436 Est
1025 1409 1167 1442 autem,
1178 1397 1317 1435 animal
1331 1409 1462 1435 natura
1470 1399 1683 1438 subdolum.
1704 1397 1847 1439 Astum

376 1459 568 1509 Principes
579 1453 766 1508 generosi,
777 1456 815 1492 &
827 1453 983 1506 pestore
992 1464 1138 1505 aperto,
1148 1464 1188 1490 ut
1199 1450 1333 1503 pestim
1349 1452 1575 1491 aversantur.
1634 1454 1738 1505 Qid
1757 1452 1846 1494 tum

376 1511 529 1566 postea?
554 1512 655 1549 dicet
664 1508 801 1559 aliquis.
832 1511 927 1547 Non
939 1509 1043 1546 enim
1055 1507 1135 1545 satis
1149 1505 1274 1545 causs'ae
1285 1506 1349 1551 est,
1365 1507 1404 1545 in
1421 1508 1515 1546 odio
1530 1520 1572 1546 ut
1593 1508 1756 1546 invisum
1774 1509 1840 1547 da-

378 1577 538 1607 mnent:
549 1566 609 1603 vel
620 1565 658 1602 in
666 1575 794 1616 gratia,
804 1574 844 1600 ut
853 1564 1053 1615 indignum
1064 1560 1273 1599 honorent.
1298 1562 1313 1597 Ι
1317 1573 1546 1613 mportunus
1557 1574 1595 1600 es
1605 1561 1683 1600 fine
1698 1575 1764 1600 me
1775 1576 1846 1602 cae..

379 1633 460 1660 tera
469 1619 651 1674 persequi.
712 1616 863 1670 Eupolis
881 1621 921 1656 in
941 1617 1120 1656 comedia
1141 1645 1151 1662 ‚
1187 1616 1311 1668 AEges,
1322 1615 1456 1654 multas
1466 1618 1622 1656 arbores
1635 1618 1673 1655 δε
1688 1615 1846 1656 frutices

382 1684 695 1718 commemorat,
711 1684 800 1724 quas
815 1673 944 1724 Caprae
962 1670 1119 1723 ligendo
1136 1681 1395 1722 corrumpant.
1426 1673 1506 1718 Jam
1518 1670 1643 1709 libero
1654 1671 1845 1711 manaba-

379 1741 443 1769 tur
453 1761 463 1776 ‚
477 1731 561 1769 vitis
570 1727 697 1767 cauffa.
714 1727 796 1765 imo
806 1728 924 1779 Leges
934 1729 973 1764 in
982 1725 1175 1764 locatione
1189 1754 1198 1768 ,
1208 1737 1254 1762 ex
1267 1724 1389 1763 fundo
1398 1726 1480 1771 eijci
1489 1726 1728 1777 permittunt.
1755 1729 1845 1765 No..

372 1787 488 1826 'xium
497 1785 606 1836 igitur
623 1782 764 1820 animal
773 1779 840 1825 est;
852 1794 935 1819 non
947 1793 1029 1818 non
1040 1779 1162 1818 modo
1171 1778 1384 1818 subdclum.
1427 1782 1550 1818 Noxae
1569 1791 1699 1818 autern
1710 1793 1824 1833 agere
1835 1809 1848 1826 ,

379 1839 455 1879 five
466 1852 556 1877 cum
567 1835 733 1875 hostibus
746 1865 756 1879 ‚
767 1835 840 1873 five
850 1849 939 1874 cum
951 1835 1119 1884 subjectis
1131 1863 1140 1877 ,
1149 1834 1321 1885 Principi,
1335 1847 1417 1871 non
1427 1832 1553 1872 solum
1563 1833 1615 1872 fas
1627 1851 1637 1879 3
1654 1834 1719 1874 sed
1737 1837 1775 1873 &
1793 1837 1849 1884 jus

366 1892 445 1933 est.
475 1893 567 1941 Juris
578 1894 684 1929 enim
695 1889 812 1928 caussa
823 1890 999 1942 Princeps
1009 1887 1070 1926 est.
1100 1889 1154 1926 Ita
1166 1887 1267 1925 forte
1276 1890 1323 1926 ad
1340 1887 1571 1927 sententiam
1590 1889 1768 1943 Principis
1785 1888 1849 1929 lit..

364 1946 861 1999 xeratiappropinquamus.
966 1952 967 1955 ¹

524 2052 943 2119 XXXVIII.
983 2051 1706 2118 HIEROGRAPHIA,

437 2134 515 2175 Hic
530 2135 653 2174 verbis
669 2147 764 2187 opus
775 2147 859 2172 non
876 2131 946 2177 est,
957 2132 1143 2172 sedfaffis.
1205 2134 1257 2170 Ita
1278 2131 1362 2170 sunt
1371 2134 1504 2171 omnia
1514 2144 1641 2186 aperta
1655 2161 1667 2178 ‚
1696 2131 1850 2171 vitanda

387 2192 528 2244 partim
544 2219 555 2234 ,
584 2188 759 2227 faciunda
769 2189 916 2241 partim.
951 2189 1040 2225 Duo
1058 2188 1142 2226 sunt
1159 2185 1350 2238 Symbola.
1390 2187 1646 2240 Prosopopaea:
1667 2198 1751 2225 treS.
1782 2187 1851 2225 sub

385 2246 545 2284 veritate
554 2273 562 2288 ,
574 2244 763 2292 calumnia
771 2244 808 2279 &
819 2241 1076 2280 mendacium.
1087 2243 1127 2280 in
1137 2240 1444 2280 circumferentia
1456 2257 1463 2279 :
1475 2243 1578 2287 Bene
1589 2240 1767 2280 faciendo
1778 2254 1851 2280 ne-

386 2301 539 2339 minem
555 2299 747 2335 timemus.
779 2299 887 2334 Circa
901 2298 1102 2335 veritatem
1122 2312 1129 2334 :
1147 2297 1281 2334 veritas
1297 2296 1414 2332 vincit
1439 2297 1582 2334 omnia.
1605 2308 1688 2348 quae
1701 2296 1849 2335 mirum

383 2353 658 2397 di&11,utinter
675 2350 710 2389 se
729 2350 927 2403 quadrent.
989 2353 1092 2389 Nam
1103 2349 1384 2402 cuipersuasum
1399 2350 1720 2395 est‚fecuritatem
1732 2352 1771 2389 in
1780 2350 1850 2388 be.

382 2407 537 2448 nefastis
548 2404 769 2452 consistere:
788 2406 826 2443 &
843 2404 896 2442 est
906 2404 1082 2458 profesto
1098 2406 1217 2443 animi
1232 2403 1378 2448 fiducia,
1389 2404 1554 2444 validum
1564 2403 1772 2458 praesidium
1782 2404 1850 2444 ad-

383 2461 509 2501 versus
519 2472 672 2499 metum
685 2472 755 2505 ;ne
764 2458 1006 2499 simulatione
1017 2472 1169 2504 nitatur,
1180 2461 1216 2498 δ(
1229 2458 1334 2497 malit
1349 2458 1480 2504 videri,
1490 2461 1606 2512 quam
1619 2458 1692 2498 ess'e
1703 2458 1848 2503 bonus:

383 2517 563 2555 Veritatis
571 2514 680 2554 simul
693 2515 746 2553 vis
756 2514 978 2566 explicanda
989 2526 1076 2552 erat.
1093 2527 1174 2567 quae
1189 2513 1420 2553 calumniam
1440 2515 1557 2553 eludit
1572 2543 1582 2559 ,
1597 2513 1849 2553 mendacium

383 2570 489 2609 elidit
500 2582 679 2622 tempore
695 2580 837 2607 tamen.
870 2569 1045 2622 Qslevi
1060 2571 1246 2620 temporis
1257 2566 1383 2612 usura,
1401 2580 1463 2606 aut
1477 2580 1624 2606 aeterno
1633 2569 1849 2620 opprobrio

383 2625 420 2665 se
439 2624 625 2663 maculet?
656 2635 718 2669 aut
735 2622 938 2661 manifesto
955 2623 1168 2675 opprobrio
1191 2633 1371 2676 exponet.
1403 2623 1604 2661 Calumnia
1617 2622 1850 2675 personam

383 2679 567 2719 diffamat.
621 2678 873 2717 Mendacium
898 2681 1119 2718 orationem
1146 2677 1309 2716 invertit.
1367 2676 1503 2716 Voluit
1519 2678 1695 2729 Princeps
1713 2679 1849 2717 omnia

381 2736 530 2788 patere,
545 2744 703 2786 propter
724 2732 938 2773 utilitatem.
992 2733 1248 2787 Hierographi
1274 2730 1360 2771 alias
1389 2732 1508 2772 latere
1530 2732 1668 2772 volunt
1687 2742 1848 2785 propter

380 2788 652 2843 disciplinanu-

1497 2895 1696 2937 XXXIX.
1724 2893 1847 2936 HIE-
