<?xml version="1.0" encoding="UTF-8"?>
<!DOCTYPE html PUBLIC "-//W3C//DTD XHTML 1.0 Transitional//EN"
    "http://www.w3.org/TR/xhtml1/DTD/xhtml1-transitional.dtd">
<html xmlns="http://www.w3.org/1999/xhtml" xml:lang="en" lang="en">
 <head>
  <title>
</title>
<meta http-equiv="Content-Type" content="text/html;charset=utf-8" />
  <meta name='ocr-system' content='tesseract 3.04.00' />
  <meta name='ocr-capabilities' content='ocr_page ocr_carea ocr_par ocr_line ocrx_word'/>
</head>
<body>
  <div class='ocr_page' id='page_1' title='image "./symboladiuinahum13typo_0430.png"; bbox 0 0 1980 3369; ppageno 0'>
   <div class='ocr_carea' id='block_1_1' title="bbox 362 186 1657 326">
    <p class='ocr_par' dir='ltr' id='par_1_1' title="bbox 362 186 1657 326">
     <span class='ocr_line' id='line_1_1' title="bbox 362 186 1657 326; baseline 0.005 -23"><span class='ocrx_word' id='word_1_1' title='bbox 362 186 448 246; x_wconf 55' lang='lat'>⁷6⁹</span> <span class='ocrx_word' id='word_1_2' title='bbox 616 250 888 326; x_wconf 75' lang='lat' dir='ltr'>QyoD</span> <span class='ocrx_word' id='word_1_3' title='bbox 948 250 1115 303; x_wconf 79' lang='lat' dir='ltr'>Htc</span> <span class='ocrx_word' id='word_1_4' title='bbox 1176 251 1472 306; x_wconf 82' lang='lat' dir='ltr'>DEEST</span> <span class='ocrx_word' id='word_1_5' title='bbox 1530 255 1657 312; x_wconf 74' lang='lat' dir='ltr'>ME</span> 
     </span>
    </p>
   </div>
   <div class='ocr_carea' id='block_1_2' title="bbox 980 344 1309 390">
    <p class='ocr_par' dir='ltr' id='par_1_2' title="bbox 980 344 1309 390">
     <span class='ocr_line' id='line_1_2' title="bbox 980 344 1309 390; baseline -0.003 -8"><span class='ocrx_word' id='word_1_6' title='bbox 980 344 1309 390; x_wconf 64' lang='lat' dir='ltr'>TORQJET.</span> 
     </span>
    </p>
   </div>
   <div class='ocr_carea' id='block_1_3' title="bbox 360 420 1915 1359">
    <p class='ocr_par' dir='ltr' id='par_1_3' title="bbox 360 420 1915 1359">
     <span class='ocr_line' id='line_1_3' title="bbox 495 420 1907 473; baseline 0.001 -13"><span class='ocrx_word' id='word_1_7' title='bbox 495 420 632 460; x_wconf 84' lang='lat' dir='ltr'>Stellio</span> <span class='ocrx_word' id='word_1_8' title='bbox 648 421 818 459; x_wconf 83' lang='lat' dir='ltr'>Lacertae</span> <span class='ocrx_word' id='word_1_9' title='bbox 830 432 955 471; x_wconf 83' lang='lat' dir='ltr'>genus</span> <span class='ocrx_word' id='word_1_10' title='bbox 968 421 1129 466; x_wconf 85' lang='lat' dir='ltr'>est,inde</span> <span class='ocrx_word' id='word_1_11' title='bbox 1140 433 1290 460; x_wconf 89' lang='lat' dir='ltr'>nomen</span> <span class='ocrx_word' id='word_1_12' title='bbox 1304 421 1456 460; x_wconf 84' lang='lat' dir='ltr'>habens</span> <span class='ocrx_word' id='word_1_13' title='bbox 1467 420 1576 472; x_wconf 77' lang='lat' dir='ltr'>quod</span> <span class='ocrx_word' id='word_1_14' title='bbox 1587 432 1751 473; x_wconf 77' lang='lat' dir='ltr'>tergum,</span> <span class='ocrx_word' id='word_1_15' title='bbox 1767 424 1805 460; x_wconf 86' lang='lat'>&amp;</span> <span class='ocrx_word' id='word_1_16' title='bbox 1819 433 1907 461; x_wconf 82' lang='lat' dir='ltr'>cau-</span> 
     </span>
     <span class='ocr_line' id='line_1_4' title="bbox 362 475 1908 527; baseline 0 -12"><span class='ocrx_word' id='word_1_17' title='bbox 362 477 413 515; x_wconf 83' lang='lat' dir='ltr'>da</span> <span class='ocrx_word' id='word_1_18' title='bbox 425 475 540 515; x_wconf 85' lang='lat' dir='ltr'>stellis</span> <span class='ocrx_word' id='word_1_19' title='bbox 562 475 741 526; x_wconf 81' lang='lat' dir='ltr'>insignita</span> <span class='ocrx_word' id='word_1_20' title='bbox 754 476 840 517; x_wconf 73' lang='lat' dir='ltr'>sint.</span> <span class='ocrx_word' id='word_1_21' title='bbox 901 477 1159 517; x_wconf 83' lang='lat' dir='ltr'>Venenosum</span> <span class='ocrx_word' id='word_1_22' title='bbox 1173 478 1224 515; x_wconf 94' lang='lat' dir='ltr'>est</span> <span class='ocrx_word' id='word_1_23' title='bbox 1245 479 1410 521; x_wconf 86' lang='lat' dir='ltr'>animal,</span> <span class='ocrx_word' id='word_1_24' title='bbox 1424 477 1584 527; x_wconf 59' lang='lat' dir='ltr'>ejusdue</span> <span class='ocrx_word' id='word_1_25' title='bbox 1597 489 1740 516; x_wconf 82' lang='lat' dir='ltr'>naturae</span> <span class='ocrx_word' id='word_1_26' title='bbox 1752 505 1761 522; x_wconf 90' lang='lat'><strong>‚</strong></span> <span class='ocrx_word' id='word_1_27' title='bbox 1786 487 1828 515; x_wconf 84' lang='lat' dir='ltr'>ut</span> <span class='ocrx_word' id='word_1_28' title='bbox 1840 479 1908 526; x_wconf 86' lang='lat' dir='ltr'>qui</span> 
     </span>
     <span class='ocr_line' id='line_1_5' title="bbox 363 531 1908 582; baseline -0.001 -11"><span class='ocrx_word' id='word_1_29' title='bbox 363 534 514 576; x_wconf 88' lang='lat' dir='ltr'>vinum,</span> <span class='ocrx_word' id='word_1_30' title='bbox 526 533 569 569; x_wconf 89' lang='lat' dir='ltr'>in</span> <span class='ocrx_word' id='word_1_31' title='bbox 581 544 666 581; x_wconf 89' lang='lat' dir='ltr'>quo</span> <span class='ocrx_word' id='word_1_32' title='bbox 679 533 872 570; x_wconf 61' lang='lat' dir='ltr'>extinctus</span> <span class='ocrx_word' id='word_1_33' title='bbox 885 531 1016 576; x_wconf 84' lang='lat' dir='ltr'>fuerit,</span> <span class='ocrx_word' id='word_1_34' title='bbox 1026 533 1187 570; x_wconf 85' lang='lat' dir='ltr'>ebiberit</span> <span class='ocrx_word' id='word_1_35' title='bbox 1199 532 1373 582; x_wconf 87' lang='lat' dir='ltr'>leprosus</span> <span class='ocrx_word' id='word_1_36' title='bbox 1389 533 1476 571; x_wconf 80' lang='lat' dir='ltr'>fiat..</span> <span class='ocrx_word' id='word_1_37' title='bbox 1529 534 1629 571; x_wconf 76' lang='lat' dir='ltr'>Vere</span> <span class='ocrx_word' id='word_1_38' title='bbox 1650 544 1834 572; x_wconf 83' lang='lat' dir='ltr'>cavernas</span> <span class='ocrx_word' id='word_1_39' title='bbox 1855 545 1908 570; x_wconf 84' lang='lat' dir='ltr'>tc-</span> 
     </span>
     <span class='ocr_line' id='line_1_6' title="bbox 363 587 1908 638; baseline -0.001 -12"><span class='ocrx_word' id='word_1_40' title='bbox 363 588 562 637; x_wconf 82' lang='lat' dir='ltr'>linquens,</span> <span class='ocrx_word' id='word_1_41' title='bbox 576 587 674 625; x_wconf 90' lang='lat' dir='ltr'>dum</span> <span class='ocrx_word' id='word_1_42' title='bbox 696 589 901 636; x_wconf 84' lang='lat' dir='ltr'>apricatur,</span> <span class='ocrx_word' id='word_1_43' title='bbox 925 587 1047 625; x_wconf 86' lang='lat' dir='ltr'>solem</span> <span class='ocrx_word' id='word_1_44' title='bbox 1058 590 1196 638; x_wconf 78' lang='lat' dir='ltr'>jugiter</span> <span class='ocrx_word' id='word_1_45' title='bbox 1217 590 1404 632; x_wconf 86' lang='lat' dir='ltr'>intuetur,</span> <span class='ocrx_word' id='word_1_46' title='bbox 1428 598 1469 630; x_wconf 77' lang='lat' dir='ltr'>ut</span> <span class='ocrx_word' id='word_1_47' title='bbox 1482 589 1633 627; x_wconf 84' lang='lat' dir='ltr'>nebulae</span> <span class='ocrx_word' id='word_1_48' title='bbox 1646 617 1656 632; x_wconf 94' lang='lat'>,</span> <span class='ocrx_word' id='word_1_49' title='bbox 1671 591 1708 626; x_wconf 65' lang='grc' dir='ltr'>ὅ(</span> <span class='ocrx_word' id='word_1_50' title='bbox 1723 588 1908 626; x_wconf 83' lang='lat' dir='ltr'>humores</span> 
     </span>
     <span class='ocr_line' id='line_1_7' title="bbox 361 642 1911 692; baseline 0 -10"><span class='ocrx_word' id='word_1_51' title='bbox 361 645 491 682; x_wconf 88' lang='lat' dir='ltr'>oculis</span> <span class='ocrx_word' id='word_1_52' title='bbox 511 643 763 686; x_wconf 72' lang='lat' dir='ltr'>inhaerentes,</span> <span class='ocrx_word' id='word_1_53' title='bbox 787 654 832 680; x_wconf 91' lang='lat' dir='ltr'>ac</span> <span class='ocrx_word' id='word_1_54' title='bbox 857 643 1024 681; x_wconf 85' lang='lat' dir='ltr'>tenebris</span> <span class='ocrx_word' id='word_1_55' title='bbox 1035 642 1259 692; x_wconf 78' lang='lat' dir='ltr'>conquisiti,</span> <span class='ocrx_word' id='word_1_56' title='bbox 1273 644 1540 683; x_wconf 78' lang='lat' dir='ltr'>discutiantur.</span> <span class='ocrx_word' id='word_1_57' title='bbox 1603 643 1911 689; x_wconf 80' lang='lat' dir='ltr'>Animalculum</span> 
     </span>
     <span class='ocr_line' id='line_1_8' title="bbox 362 698 1912 749; baseline -0.002 -11"><span class='ocrx_word' id='word_1_58' title='bbox 362 699 416 738; x_wconf 84' lang='lat' dir='ltr'>est</span> <span class='ocrx_word' id='word_1_59' title='bbox 440 699 663 749; x_wconf 79' lang='lat' dir='ltr'>quadrupes</span> <span class='ocrx_word' id='word_1_60' title='bbox 695 699 960 736; x_wconf 82' lang='lat' dir='ltr'>Salamandrae</span> <span class='ocrx_word' id='word_1_61' title='bbox 983 711 1067 736; x_wconf 90' lang='lat' dir='ltr'>non</span> <span class='ocrx_word' id='word_1_62' title='bbox 1094 698 1300 743; x_wconf 85' lang='lat' dir='ltr'>dissimile,</span> <span class='ocrx_word' id='word_1_63' title='bbox 1334 711 1381 738; x_wconf 83' lang='lat' dir='ltr'>ac</span> <span class='ocrx_word' id='word_1_64' title='bbox 1403 701 1500 736; x_wconf 90' lang='lat' dir='ltr'>inter</span> <span class='ocrx_word' id='word_1_65' title='bbox 1521 700 1596 738; x_wconf 81' lang='lat' dir='ltr'>alia</span> <span class='ocrx_word' id='word_1_66' title='bbox 1619 700 1697 744; x_wconf 86' lang='lat' dir='ltr'>hoc</span> <span class='ocrx_word' id='word_1_67' title='bbox 1721 699 1912 748; x_wconf 82' lang='lat' dir='ltr'>peculiare</span> 
     </span>
     <span class='ocr_line' id='line_1_9' title="bbox 362 754 1915 805; baseline -0.003 -10"><span class='ocrx_word' id='word_1_68' title='bbox 362 754 497 799; x_wconf 88' lang='lat' dir='ltr'>habet,</span> <span class='ocrx_word' id='word_1_69' title='bbox 511 755 634 804; x_wconf 88' lang='lat' dir='ltr'>quod,</span> <span class='ocrx_word' id='word_1_70' title='bbox 650 764 692 794; x_wconf 88' lang='lat' dir='ltr'>ut</span> <span class='ocrx_word' id='word_1_71' title='bbox 711 763 842 792; x_wconf 83' lang='lat' dir='ltr'>caetera</span> <span class='ocrx_word' id='word_1_72' title='bbox 855 754 1045 792; x_wconf 82' lang='lat' dir='ltr'>animalia</span> <span class='ocrx_word' id='word_1_73' title='bbox 1067 754 1264 792; x_wconf 83' lang='lat' dir='ltr'>Venerem</span> <span class='ocrx_word' id='word_1_74' title='bbox 1277 757 1457 805; x_wconf 89' lang='lat' dir='ltr'>cupiunt,</span> <span class='ocrx_word' id='word_1_75' title='bbox 1481 755 1586 792; x_wconf 86' lang='lat' dir='ltr'>illius</span> <span class='ocrx_word' id='word_1_76' title='bbox 1600 754 1762 793; x_wconf 89' lang='lat' dir='ltr'>stimulis</span> <span class='ocrx_word' id='word_1_77' title='bbox 1780 765 1915 803; x_wconf 78' lang='lat' dir='ltr'>neque</span> 
     </span>
     <span class='ocr_line' id='line_1_10' title="bbox 362 809 1911 860; baseline -0.001 -11"><span class='ocrx_word' id='word_1_78' title='bbox 362 812 576 854; x_wconf 86' lang='lat' dir='ltr'>crucietur,</span> <span class='ocrx_word' id='word_1_79' title='bbox 600 821 729 858; x_wconf 84' lang='lat' dir='ltr'>neque</span> <span class='ocrx_word' id='word_1_80' title='bbox 751 811 897 847; x_wconf 86' lang='lat' dir='ltr'>amoris</span> <span class='ocrx_word' id='word_1_81' title='bbox 921 809 1130 848; x_wconf 74' lang='lat' dir='ltr'>conflistus</span> <span class='ocrx_word' id='word_1_82' title='bbox 1145 809 1293 855; x_wconf 85' lang='lat' dir='ltr'>sentiat.</span> <span class='ocrx_word' id='word_1_83' title='bbox 1349 811 1416 848; x_wconf 88' lang='lat' dir='ltr'>Ab</span> <span class='ocrx_word' id='word_1_84' title='bbox 1434 811 1509 848; x_wconf 82' lang='lat' dir='ltr'>hac</span> <span class='ocrx_word' id='word_1_85' title='bbox 1527 810 1642 859; x_wconf 85' lang='lat' dir='ltr'>ipfius</span> <span class='ocrx_word' id='word_1_86' title='bbox 1654 820 1791 855; x_wconf 82' lang='lat' dir='ltr'>natur-a</span> <span class='ocrx_word' id='word_1_87' title='bbox 1805 811 1911 860; x_wconf 82' lang='lat' dir='ltr'>prin·</span> 
     </span>
     <span class='ocr_line' id='line_1_11' title="bbox 361 865 1904 917; baseline -0.001 -14"><span class='ocrx_word' id='word_1_88' title='bbox 361 878 450 916; x_wconf 79' lang='lat' dir='ltr'>ceps</span> <span class='ocrx_word' id='word_1_89' title='bbox 483 866 703 906; x_wconf 84' lang='lat' dir='ltr'>Franciscus</span> <span class='ocrx_word' id='word_1_90' title='bbox 738 865 977 916; x_wconf 82' lang='lat' dir='ltr'>Symbolum</span> <span class='ocrx_word' id='word_1_91' title='bbox 1001 868 1162 916; x_wconf 85' lang='lat' dir='ltr'>accepit,</span> <span class='ocrx_word' id='word_1_92' title='bbox 1186 866 1285 903; x_wconf 86' lang='lat' dir='ltr'>dum</span> <span class='ocrx_word' id='word_1_93' title='bbox 1311 867 1378 904; x_wconf 82' lang='lat' dir='ltr'>ait:</span> <span class='ocrx_word' id='word_1_94' title='bbox 1417 867 1504 917; x_wconf 71' lang='lat' dir='ltr'>Q</span> <span class='ocrx_word' id='word_1_95' title='bbox 1520 867 1608 906; x_wconf 88' lang='lat' dir='ltr'>OD</span> <span class='ocrx_word' id='word_1_96' title='bbox 1654 865 1773 904; x_wconf 77' lang='lat' dir='ltr'>HIC</span> <span class='ocrx_word' id='word_1_97' title='bbox 1808 865 1904 901; x_wconf 85' lang='lat' dir='ltr'>DE·</span> 
     </span>
     <span class='ocr_line' id='line_1_12' title="bbox 362 917 1912 972; baseline 0.001 -12"><span class='ocrx_word' id='word_1_98' title='bbox 362 923 392 960; x_wconf 88' lang='lat' dir='ltr'>E</span> <span class='ocrx_word' id='word_1_99' title='bbox 408 923 431 960; x_wconf 88' lang='lat' dir='ltr'>S</span> <span class='ocrx_word' id='word_1_100' title='bbox 445 922 481 959; x_wconf 89' lang='lat' dir='ltr'>T</span> <span class='ocrx_word' id='word_1_101' title='bbox 495 950 506 967; x_wconf 86' lang='lat'>‚</span> <span class='ocrx_word' id='word_1_102' title='bbox 529 933 673 970; x_wconf 87' lang='lat' dir='ltr'>nempe</span> <span class='ocrx_word' id='word_1_103' title='bbox 694 933 809 958; x_wconf 85' lang='lat' dir='ltr'>amor</span> <span class='ocrx_word' id='word_1_104' title='bbox 822 948 832 965; x_wconf 94' lang='lat'>,</span> <span class='ocrx_word' id='word_1_105' title='bbox 856 921 940 958; x_wconf 86' lang='lat' dir='ltr'>ME</span> <span class='ocrx_word' id='word_1_106' title='bbox 976 922 1011 958; x_wconf 93' lang='lat' dir='ltr'>T</span> <span class='ocrx_word' id='word_1_107' title='bbox 1027 923 1064 958; x_wconf 95' lang='lat' dir='ltr'>O</span> <span class='ocrx_word' id='word_1_108' title='bbox 1082 923 1117 958; x_wconf 87' lang='lat' dir='ltr'>R</span> <span class='ocrx_word' id='word_1_109' title='bbox 1135 921 1320 972; x_wconf 69' lang='lat' dir='ltr'>QYET:</span> <span class='ocrx_word' id='word_1_110' title='bbox 1382 922 1465 958; x_wconf 83' lang='lat' dir='ltr'>Fuit</span> <span class='ocrx_word' id='word_1_111' title='bbox 1495 923 1603 959; x_wconf 86' lang='lat' dir='ltr'>enim</span> <span class='ocrx_word' id='word_1_112' title='bbox 1628 932 1764 960; x_wconf 86' lang='lat' dir='ltr'>amore</span> <span class='ocrx_word' id='word_1_113' title='bbox 1788 917 1912 970; x_wconf 70' lang='lat' dir='ltr'>cuins-</span> 
     </span>
     <span class='ocr_line' id='line_1_13' title="bbox 361 974 1912 1027; baseline -0.003 -11"><span class='ocrx_word' id='word_1_114' title='bbox 361 978 457 1016; x_wconf 87' lang='lat' dir='ltr'>dam</span> <span class='ocrx_word' id='word_1_115' title='bbox 477 979 636 1027; x_wconf 73' lang='lat' dir='ltr'>virginis</span> <span class='ocrx_word' id='word_1_116' title='bbox 659 987 808 1025; x_wconf 61' lang='lat' dir='ltr'>captim,</span> <span class='ocrx_word' id='word_1_117' title='bbox 824 988 908 1024; x_wconf 88' lang='lat' dir='ltr'>quo</span> <span class='ocrx_word' id='word_1_118' title='bbox 921 978 1015 1025; x_wconf 83' lang='lat' dir='ltr'>quia</span> <span class='ocrx_word' id='word_1_119' title='bbox 1040 976 1076 1014; x_wconf 86' lang='lat' dir='ltr'>se</span> <span class='ocrx_word' id='word_1_120' title='bbox 1095 974 1258 1014; x_wconf 67' lang='lat' dir='ltr'>mirifice</span> <span class='ocrx_word' id='word_1_121' title='bbox 1281 978 1412 1014; x_wconf 79' lang='lat' dir='ltr'>vexari</span> <span class='ocrx_word' id='word_1_122' title='bbox 1432 976 1554 1021; x_wconf 81' lang='lat' dir='ltr'>senfit,</span> <span class='ocrx_word' id='word_1_123' title='bbox 1570 974 1742 1027; x_wconf 71' lang='lat' dir='ltr'>apposite</span> <span class='ocrx_word' id='word_1_124' title='bbox 1758 976 1912 1014; x_wconf 87' lang='lat' dir='ltr'>Stellio-</span> 
     </span>
     <span class='ocr_line' id='line_1_14' title="bbox 361 1032 1913 1082; baseline -0.002 -10"><span class='ocrx_word' id='word_1_125' title='bbox 361 1046 469 1076; x_wconf 88' lang='lat' dir='ltr'>nem,</span> <span class='ocrx_word' id='word_1_126' title='bbox 482 1035 551 1081; x_wconf 89' lang='lat' dir='ltr'>qui</span> <span class='ocrx_word' id='word_1_127' title='bbox 566 1033 713 1070; x_wconf 84' lang='lat' dir='ltr'>amoris</span> <span class='ocrx_word' id='word_1_128' title='bbox 736 1032 915 1070; x_wconf 85' lang='lat' dir='ltr'>molestia</span> <span class='ocrx_word' id='word_1_129' title='bbox 932 1043 1044 1077; x_wconf 88' lang='lat' dir='ltr'>caret,</span> <span class='ocrx_word' id='word_1_130' title='bbox 1057 1044 1127 1082; x_wconf 85' lang='lat' dir='ltr'>pro</span> <span class='ocrx_word' id='word_1_131' title='bbox 1147 1032 1409 1082; x_wconf 80' lang='lat' dir='ltr'>Hieroglypto</span> <span class='ocrx_word' id='word_1_132' title='bbox 1423 1034 1552 1071; x_wconf 87' lang='lat' dir='ltr'>edidit.</span> <span class='ocrx_word' id='word_1_133' title='bbox 1608 1032 1763 1082; x_wconf 82' lang='lat' dir='ltr'>Qibus</span> <span class='ocrx_word' id='word_1_134' title='bbox 1777 1041 1913 1069; x_wconf 86' lang='lat' dir='ltr'>autem</span> 
     </span>
     <span class='ocr_line' id='line_1_15' title="bbox 362 1084 1857 1137; baseline -0.003 -10"><span class='ocrx_word' id='word_1_135' title='bbox 362 1088 553 1135; x_wconf 88' lang='lat' dir='ltr'>molestijs</span> <span class='ocrx_word' id='word_1_136' title='bbox 574 1097 754 1125; x_wconf 83' lang='lat' dir='ltr'>amantes</span> <span class='ocrx_word' id='word_1_137' title='bbox 774 1097 1049 1137; x_wconf 84' lang='lat' dir='ltr'>torqueantur,</span> <span class='ocrx_word' id='word_1_138' title='bbox 1076 1084 1569 1136; x_wconf 75' lang='lat' dir='ltr'>mortalium&#39;paucissimis</span> <span class='ocrx_word' id='word_1_139' title='bbox 1594 1089 1778 1137; x_wconf 78' lang='lat' dir='ltr'>ignotum</span> <span class='ocrx_word' id='word_1_140' title='bbox 1792 1087 1857 1125; x_wconf 87' lang='lat' dir='ltr'>est.</span> 
     </span>
     <span class='ocr_line' id='line_1_16' title="bbox 362 1142 1911 1193; baseline -0.001 -12"><span class='ocrx_word' id='word_1_141' title='bbox 362 1144 434 1182; x_wconf 90' lang='lat' dir='ltr'>Ait</span> <span class='ocrx_word' id='word_1_142' title='bbox 444 1146 552 1181; x_wconf 88' lang='lat' dir='ltr'>enim</span> <span class='ocrx_word' id='word_1_143' title='bbox 563 1143 739 1181; x_wconf 86' lang='lat' dir='ltr'>Plautus:</span> <span class='ocrx_word' id='word_1_144' title='bbox 756 1143 886 1181; x_wconf 85' lang='lat' dir='ltr'>Credo</span> <span class='ocrx_word' id='word_1_145' title='bbox 900 1155 975 1193; x_wconf 79' lang='lat' dir='ltr'>ego</span> <span class='ocrx_word' id='word_1_146' title='bbox 988 1155 1167 1181; x_wconf 84' lang='lat' dir='ltr'>amorem</span> <span class='ocrx_word' id='word_1_147' title='bbox 1182 1144 1286 1192; x_wconf 82' lang='lat' dir='ltr'>apud</span> <span class='ocrx_word' id='word_1_148' title='bbox 1300 1143 1485 1181; x_wconf 88' lang='lat' dir='ltr'>homines</span> <span class='ocrx_word' id='word_1_149' title='bbox 1517 1142 1787 1181; x_wconf 87' lang='lat' dir='ltr'>carnificinam</span> <span class='ocrx_word' id='word_1_150' title='bbox 1802 1153 1911 1180; x_wconf 88' lang='lat' dir='ltr'>com-</span> 
     </span>
     <span class='ocr_line' id='line_1_17' title="bbox 360 1198 1911 1249; baseline -0.002 -12"><span class='ocrx_word' id='word_1_151' title='bbox 360 1210 568 1244; x_wconf 86' lang='lat' dir='ltr'>mentum,</span> <span class='ocrx_word' id='word_1_152' title='bbox 593 1200 643 1236; x_wconf 87' lang='lat' dir='ltr'>ita</span> <span class='ocrx_word' id='word_1_153' title='bbox 659 1210 722 1240; x_wconf 88' lang='lat' dir='ltr'>me</span> <span class='ocrx_word' id='word_1_154' title='bbox 743 1211 858 1236; x_wconf 84' lang='lat' dir='ltr'>amor</span> <span class='ocrx_word' id='word_1_155' title='bbox 883 1198 1035 1248; x_wconf 88' lang='lat' dir='ltr'>lapsum</span> <span class='ocrx_word' id='word_1_156' title='bbox 1058 1200 1183 1237; x_wconf 85' lang='lat' dir='ltr'>animi</span> <span class='ocrx_word' id='word_1_157' title='bbox 1209 1198 1395 1242; x_wconf 81' lang='lat' dir='ltr'>ludificat,</span> <span class='ocrx_word' id='word_1_158' title='bbox 1419 1200 1544 1249; x_wconf 76' lang='lat' dir='ltr'>fugat,</span> <span class='ocrx_word' id='word_1_159' title='bbox 1570 1200 1662 1248; x_wconf 83' lang='lat' dir='ltr'>agit,</span> <span class='ocrx_word' id='word_1_160' title='bbox 1678 1199 1839 1247; x_wconf 90' lang='lat' dir='ltr'>oppetit,</span> <span class='ocrx_word' id='word_1_161' title='bbox 1854 1209 1911 1235; x_wconf 86' lang='lat' dir='ltr'>ra-</span> 
     </span>
     <span class='ocr_line' id='line_1_18' title="bbox 361 1251 1908 1307; baseline -0.001 -15"><span class='ocrx_word' id='word_1_162' title='bbox 361 1266 455 1307; x_wconf 84' lang='lat' dir='ltr'>ptat,</span> <span class='ocrx_word' id='word_1_163' title='bbox 468 1257 615 1298; x_wconf 88' lang='lat' dir='ltr'>retinet,</span> <span class='ocrx_word' id='word_1_164' title='bbox 628 1255 758 1301; x_wconf 66' lang='lat' dir='ltr'>iactat,</span> <span class='ocrx_word' id='word_1_165' title='bbox 774 1255 935 1303; x_wconf 75' lang='lat' dir='ltr'>largitur</span> <span class='ocrx_word' id='word_1_166' title='bbox 947 1282 957 1298; x_wconf 86' lang='lat'><strong>‚</strong></span> <span class='ocrx_word' id='word_1_167' title='bbox 982 1255 1092 1302; x_wconf 81' lang='lat' dir='ltr'>quod</span> <span class='ocrx_word' id='word_1_168' title='bbox 1106 1254 1172 1292; x_wconf 82' lang='lat' dir='ltr'>dat</span> <span class='ocrx_word' id='word_1_169' title='bbox 1183 1267 1270 1293; x_wconf 86' lang='lat' dir='ltr'>non</span> <span class='ocrx_word' id='word_1_170' title='bbox 1283 1255 1364 1300; x_wconf 87' lang='lat' dir='ltr'>dat,</span> <span class='ocrx_word' id='word_1_171' title='bbox 1389 1255 1552 1299; x_wconf 84' lang='lat' dir='ltr'>deludit,</span> <span class='ocrx_word' id='word_1_172' title='bbox 1567 1252 1693 1292; x_wconf 80' lang='lat' dir='ltr'>modo</span> <span class='ocrx_word' id='word_1_173' title='bbox 1706 1254 1816 1302; x_wconf 88' lang='lat' dir='ltr'>quod</span> <span class='ocrx_word' id='word_1_174' title='bbox 1827 1251 1908 1291; x_wconf 82' lang='lat' dir='ltr'>sua-</span> 
     </span>
     <span class='ocr_line' id='line_1_19' title="bbox 363 1308 1818 1359; baseline 0 -11"><span class='ocrx_word' id='word_1_175' title='bbox 363 1311 404 1348; x_wconf 75' lang='lat' dir='ltr'>fit</span> <span class='ocrx_word' id='word_1_176' title='bbox 421 1309 628 1349; x_wconf 84' lang='lat' dir='ltr'>dissuadet:</span> <span class='ocrx_word' id='word_1_177' title='bbox 652 1311 764 1359; x_wconf 84' lang='lat' dir='ltr'>quod</span> <span class='ocrx_word' id='word_1_178' title='bbox 785 1308 950 1348; x_wconf 75' lang='lat' dir='ltr'>d—iffuafit</span> <span class='ocrx_word' id='word_1_179' title='bbox 965 1338 974 1354; x_wconf 93' lang='lat'>‚</span> <span class='ocrx_word' id='word_1_180' title='bbox 996 1311 1034 1347; x_wconf 86' lang='lat' dir='ltr'>id</span> <span class='ocrx_word' id='word_1_181' title='bbox 1059 1310 1243 1352; x_wconf 74' lang='lat' dir='ltr'>ostentat.</span> <span class='ocrx_word' id='word_1_182' title='bbox 1807 1334 1818 1354; x_wconf 51' lang='lat' dir='ltr'><em>x</em></span> 
     </span>
    </p>
   </div>
   <div class='ocr_carea' id='block_1_4' title="bbox 521 1397 1743 1468">
    <p class='ocr_par' dir='ltr' id='par_1_4' title="bbox 521 1397 1743 1468">
     <span class='ocr_line' id='line_1_20' title="bbox 521 1397 1743 1468; baseline -0.002 -19"><span class='ocrx_word' id='word_1_183' title='bbox 521 1398 705 1468; x_wconf 75' lang='lat' dir='ltr'>V1As</span> <span class='ocrx_word' id='word_1_184' title='bbox 754 1397 959 1466; x_wconf 53' lang='lat' dir='ltr'>Tuas</span> <span class='ocrx_word' id='word_1_185' title='bbox 1005 1398 1362 1449; x_wconf 79' lang='lat' dir='ltr'>DOMINE</span> <span class='ocrx_word' id='word_1_186' title='bbox 1412 1397 1743 1449; x_wconf 39' lang='lat' dir='ltr'>DEMoN?</span> 
     </span>
    </p>
   </div>
   <div class='ocr_carea' id='block_1_5' title="bbox 951 1493 1334 1529">
    <p class='ocr_par' dir='ltr' id='par_1_5' title="bbox 951 1493 1334 1529">
     <span class='ocr_line' id='line_1_21' title="bbox 951 1493 1334 1529; baseline -0.005 -1"><span class='ocrx_word' id='word_1_187' title='bbox 951 1493 1110 1528; x_wconf 78' lang='lat' dir='ltr'>sTRA</span> <span class='ocrx_word' id='word_1_188' title='bbox 1171 1495 1334 1529; x_wconf 84' lang='lat' dir='ltr'>M1H1.</span> 
     </span>
    </p>
   </div>
   <div class='ocr_carea' id='block_1_6' title="bbox 360 1550 1913 1661">
    <p class='ocr_par' dir='ltr' id='par_1_6' title="bbox 360 1550 1913 1661">
     <span class='ocr_line' id='line_1_22' title="bbox 505 1550 1912 1602; baseline -0.002 -12"><span class='ocrx_word' id='word_1_189' title='bbox 505 1552 689 1591; x_wconf 84' lang='lat' dir='ltr'>Thobias</span> <span class='ocrx_word' id='word_1_190' title='bbox 709 1553 843 1598; x_wconf 80' lang='lat' dir='ltr'>iunior</span> <span class='ocrx_word' id='word_1_191' title='bbox 865 1554 957 1590; x_wconf 80' lang='lat' dir='ltr'>cum</span> <span class='ocrx_word' id='word_1_192' title='bbox 985 1551 1083 1597; x_wconf 82' lang='lat' dir='ltr'>juffu</span> <span class='ocrx_word' id='word_1_193' title='bbox 1109 1554 1300 1602; x_wconf 82' lang='lat' dir='ltr'>parentis,</span> <span class='ocrx_word' id='word_1_194' title='bbox 1328 1552 1376 1590; x_wconf 87' lang='lat' dir='ltr'>ad</span> <span class='ocrx_word' id='word_1_195' title='bbox 1401 1551 1637 1602; x_wconf 75' lang='lat' dir='ltr'>exigendam</span> <span class='ocrx_word' id='word_1_196' title='bbox 1659 1550 1832 1589; x_wconf 88' lang='lat' dir='ltr'>debitam</span> <span class='ocrx_word' id='word_1_197' title='bbox 1845 1561 1912 1599; x_wconf 84' lang='lat' dir='ltr'>pe—</span> 
     </span>
     <span class='ocr_line' id='line_1_23' title="bbox 360 1605 1913 1661; baseline -0.002 -16"><span class='ocrx_word' id='word_1_198' title='bbox 360 1607 522 1661; x_wconf 79' lang='lat' dir='ltr'>cuniam</span> <span class='ocrx_word' id='word_1_199' title='bbox 536 1610 571 1646; x_wconf 88' lang='lat' dir='ltr'>ei</span> <span class='ocrx_word' id='word_1_200' title='bbox 590 1606 919 1657; x_wconf 85' lang='lat' dir='ltr'>proficiscendum</span> <span class='ocrx_word' id='word_1_201' title='bbox 945 1608 1086 1646; x_wconf 87' lang='lat' dir='ltr'>essetin</span> <span class='ocrx_word' id='word_1_202' title='bbox 1103 1608 1301 1652; x_wconf 79' lang='lat' dir='ltr'>Mediam,</span> <span class='ocrx_word' id='word_1_203' title='bbox 1324 1608 1451 1645; x_wconf 58' lang='lat' dir='ltr'>faetus</span> <span class='ocrx_word' id='word_1_204' title='bbox 1465 1608 1516 1645; x_wconf 89' lang='lat' dir='ltr'>est</span> <span class='ocrx_word' id='word_1_205' title='bbox 1542 1607 1750 1645; x_wconf 85' lang='lat' dir='ltr'>illidivino</span> <span class='ocrx_word' id='word_1_206' title='bbox 1778 1605 1913 1643; x_wconf 87' lang='lat' dir='ltr'>instin-</span> 
     </span>
    </p>
   </div>
   <div class='ocr_carea' id='block_1_7' title="bbox 361 1661 1973 1713">
    <p class='ocr_par' dir='ltr' id='par_1_7' title="bbox 361 1661 1973 1713">
     <span class='ocr_line' id='line_1_24' title="bbox 361 1661 1973 1713; baseline -0.002 -11"><span class='ocrx_word' id='word_1_207' title='bbox 361 1665 428 1702; x_wconf 67' lang='lat' dir='ltr'>&amp;u</span> <span class='ocrx_word' id='word_1_208' title='bbox 447 1665 591 1701; x_wconf 87' lang='lat' dir='ltr'>itineris</span> <span class='ocrx_word' id='word_1_209' title='bbox 615 1665 694 1704; x_wconf 87' lang='lat' dir='ltr'>dux</span> <span class='ocrx_word' id='word_1_210' title='bbox 722 1664 901 1713; x_wconf 81' lang='lat' dir='ltr'>Angelus</span> <span class='ocrx_word' id='word_1_211' title='bbox 925 1664 1122 1713; x_wconf 77' lang='lat' dir='ltr'>Raphae&#39;l.</span> <span class='ocrx_word' id='word_1_212' title='bbox 1178 1664 1289 1701; x_wconf 89' lang='lat' dir='ltr'>Dum</span> <span class='ocrx_word' id='word_1_213' title='bbox 1313 1665 1445 1712; x_wconf 80' lang='lat' dir='ltr'>itaque</span> <span class='ocrx_word' id='word_1_214' title='bbox 1469 1665 1567 1703; x_wconf 87' lang='lat' dir='ltr'>circa</span> <span class='ocrx_word' id='word_1_215' title='bbox 1592 1663 1740 1712; x_wconf 78' lang='lat' dir='ltr'>Tygrin</span> <span class='ocrx_word' id='word_1_216' title='bbox 1762 1661 1914 1699; x_wconf 83' lang='lat' dir='ltr'>flumen</span> <span class='ocrx_word' id='word_1_217' title='bbox 1970 1694 1973 1698; x_wconf 92' lang='lat'>.</span> 
     </span>
    </p>
   </div>
   <div class='ocr_carea' id='block_1_8' title="bbox 360 1714 1918 2825">
    <p class='ocr_par' dir='ltr' id='par_1_8' title="bbox 360 1714 1918 2825">
     <span class='ocr_line' id='line_1_25' title="bbox 360 1714 1913 1769; baseline -0.003 -12"><span class='ocrx_word' id='word_1_218' title='bbox 360 1714 663 1769; x_wconf 74' lang='lat' dir='ltr'>quiescerent,ac</span> <span class='ocrx_word' id='word_1_219' title='bbox 676 1719 859 1756; x_wconf 84' lang='lat' dir='ltr'>Thobias</span> <span class='ocrx_word' id='word_1_220' title='bbox 871 1721 910 1757; x_wconf 90' lang='lat' dir='ltr'>in</span> <span class='ocrx_word' id='word_1_221' title='bbox 924 1718 1090 1757; x_wconf 89' lang='lat' dir='ltr'>flumine</span> <span class='ocrx_word' id='word_1_222' title='bbox 1105 1718 1217 1767; x_wconf 86' lang='lat' dir='ltr'>pedes</span> <span class='ocrx_word' id='word_1_223' title='bbox 1232 1720 1359 1757; x_wconf 85' lang='lat' dir='ltr'>lavare</span> <span class='ocrx_word' id='word_1_224' title='bbox 1371 1718 1506 1756; x_wconf 91' lang='lat' dir='ltr'>vellet:</span> <span class='ocrx_word' id='word_1_225' title='bbox 1526 1718 1636 1767; x_wconf 86' lang='lat' dir='ltr'>piscis</span> <span class='ocrx_word' id='word_1_226' title='bbox 1649 1718 1811 1766; x_wconf 85' lang='lat' dir='ltr'>quidam</span> <span class='ocrx_word' id='word_1_227' title='bbox 1823 1716 1913 1754; x_wconf 88' lang='lat' dir='ltr'>hor-</span> 
     </span>
     <span class='ocr_line' id='line_1_26' title="bbox 361 1771 1914 1819; baseline -0.003 -6"><span class='ocrx_word' id='word_1_228' title='bbox 361 1776 504 1814; x_wconf 85' lang='lat' dir='ltr'>rendus</span> <span class='ocrx_word' id='word_1_229' title='bbox 529 1777 570 1813; x_wconf 88' lang='lat' dir='ltr'>in</span> <span class='ocrx_word' id='word_1_230' title='bbox 595 1775 709 1813; x_wconf 87' lang='lat' dir='ltr'>illum</span> <span class='ocrx_word' id='word_1_231' title='bbox 729 1774 925 1819; x_wconf 70' lang='lat' dir='ltr'>insiliens,</span> <span class='ocrx_word' id='word_1_232' title='bbox 958 1786 1043 1812; x_wconf 91' lang='lat' dir='ltr'>non</span> <span class='ocrx_word' id='word_1_233' title='bbox 1070 1775 1197 1813; x_wconf 86' lang='lat' dir='ltr'>levem</span> <span class='ocrx_word' id='word_1_234' title='bbox 1228 1775 1284 1812; x_wconf 90' lang='lat' dir='ltr'>illi</span> <span class='ocrx_word' id='word_1_235' title='bbox 1307 1776 1495 1815; x_wconf 84' lang='lat' dir='ltr'>timorem</span> <span class='ocrx_word' id='word_1_236' title='bbox 1523 1772 1692 1811; x_wconf 52' lang='lat' dir='ltr'>incussit:</span> <span class='ocrx_word' id='word_1_237' title='bbox 1764 1771 1914 1812; x_wconf 74' lang='lat' dir='ltr'>Verum</span> 
     </span>
     <span class='ocr_line' id='line_1_27' title="bbox 361 1830 1915 1880; baseline -0.003 -11"><span class='ocrx_word' id='word_1_238' title='bbox 361 1831 697 1880; x_wconf 82' lang='lat' dir='ltr'>Angeloiubentc</span> <span class='ocrx_word' id='word_1_239' title='bbox 715 1831 907 1867; x_wconf 79' lang='lat' dir='ltr'>audacior</span> <span class='ocrx_word' id='word_1_240' title='bbox 928 1830 1055 1868; x_wconf 72' lang='lat' dir='ltr'>fastus</span> <span class='ocrx_word' id='word_1_241' title='bbox 1069 1858 1079 1874; x_wconf 93' lang='lat'>,</span> <span class='ocrx_word' id='word_1_242' title='bbox 1104 1832 1144 1868; x_wconf 91' lang='lat' dir='ltr'>in</span> <span class='ocrx_word' id='word_1_243' title='bbox 1168 1840 1308 1868; x_wconf 85' lang='lat' dir='ltr'>terram</span> <span class='ocrx_word' id='word_1_244' title='bbox 1322 1832 1447 1874; x_wconf 78' lang='lat' dir='ltr'>traxit,</span> <span class='ocrx_word' id='word_1_245' title='bbox 1465 1831 1608 1867; x_wconf 88' lang='lat' dir='ltr'>occidit</span> <span class='ocrx_word' id='word_1_246' title='bbox 1621 1857 1632 1872; x_wconf 91' lang='lat'>,</span> <span class='ocrx_word' id='word_1_247' title='bbox 1652 1830 1915 1871; x_wconf 86' lang='lat' dir='ltr'>exenteravit,</span> 
     </span>
     <span class='ocr_line' id='line_1_28' title="bbox 362 1884 1914 1933; baseline -0.003 -8"><span class='ocrx_word' id='word_1_248' title='bbox 362 1899 409 1925; x_wconf 88' lang='lat' dir='ltr'>ac</span> <span class='ocrx_word' id='word_1_249' title='bbox 431 1899 511 1930; x_wconf 86' lang='lat' dir='ltr'>cor,</span> <span class='ocrx_word' id='word_1_250' title='bbox 527 1888 682 1933; x_wconf 84' lang='lat' dir='ltr'>jecur&amp;</span> <span class='ocrx_word' id='word_1_251' title='bbox 699 1885 751 1923; x_wconf 90' lang='lat' dir='ltr'>fel</span> <span class='ocrx_word' id='word_1_252' title='bbox 774 1884 957 1928; x_wconf 84' lang='lat' dir='ltr'>servavit,</span> <span class='ocrx_word' id='word_1_253' title='bbox 987 1896 1029 1923; x_wconf 89' lang='lat' dir='ltr'>ut</span> <span class='ocrx_word' id='word_1_254' title='bbox 1051 1886 1169 1923; x_wconf 84' lang='lat' dir='ltr'>corde</span> <span class='ocrx_word' id='word_1_255' title='bbox 1192 1886 1433 1923; x_wconf 84' lang='lat' dir='ltr'>carbonibus</span> <span class='ocrx_word' id='word_1_256' title='bbox 1457 1885 1828 1932; x_wconf 64' lang='lat' dir='ltr'>injesto,daemonia</span> <span class='ocrx_word' id='word_1_257' title='bbox 1850 1884 1914 1920; x_wconf 89' lang='lat' dir='ltr'>fu-</span> 
     </span>
     <span class='ocr_line' id='line_1_29' title="bbox 361 1938 1913 1993; baseline -0.003 -13"><span class='ocrx_word' id='word_1_258' title='bbox 361 1954 472 1993; x_wconf 81' lang='lat' dir='ltr'>gare,</span> <span class='ocrx_word' id='word_1_259' title='bbox 497 1954 542 1980; x_wconf 91' lang='lat' dir='ltr'>ac</span> <span class='ocrx_word' id='word_1_260' title='bbox 564 1942 655 1979; x_wconf 89' lang='lat' dir='ltr'>felle</span> <span class='ocrx_word' id='word_1_261' title='bbox 675 1943 897 1979; x_wconf 82' lang='lat' dir='ltr'>coecitatem</span> <span class='ocrx_word' id='word_1_262' title='bbox 927 1942 1140 1980; x_wconf 85' lang='lat' dir='ltr'>oculorum</span> <span class='ocrx_word' id='word_1_263' title='bbox 1162 1953 1348 1979; x_wconf 81' lang='lat' dir='ltr'>amovere</span> <span class='ocrx_word' id='word_1_264' title='bbox 1380 1940 1528 1990; x_wconf 89' lang='lat' dir='ltr'>posset:</span> <span class='ocrx_word' id='word_1_265' title='bbox 1551 1938 1675 1991; x_wconf 77' lang='lat' dir='ltr'>Qod</span> <span class='ocrx_word' id='word_1_266' title='bbox 1700 1940 1830 1989; x_wconf 86' lang='lat' dir='ltr'>postea</span> <span class='ocrx_word' id='word_1_267' title='bbox 1852 1939 1913 1976; x_wconf 86' lang='lat' dir='ltr'>fa-</span> 
     </span>
     <span class='ocr_line' id='line_1_30' title="bbox 361 1993 1910 2047; baseline -0.003 -11"><span class='ocrx_word' id='word_1_268' title='bbox 361 1999 471 2037; x_wconf 68' lang='lat' dir='ltr'>stum</span> <span class='ocrx_word' id='word_1_269' title='bbox 493 1998 580 2036; x_wconf 91' lang='lat' dir='ltr'>fuit.</span> <span class='ocrx_word' id='word_1_270' title='bbox 635 1998 745 2035; x_wconf 85' lang='lat' dir='ltr'>Nam</span> <span class='ocrx_word' id='word_1_271' title='bbox 767 2009 859 2034; x_wconf 86' lang='lat' dir='ltr'>cum</span> <span class='ocrx_word' id='word_1_272' title='bbox 882 1998 986 2047; x_wconf 86' lang='lat' dir='ltr'>apud</span> <span class='ocrx_word' id='word_1_273' title='bbox 1012 1997 1233 2046; x_wconf 79' lang='lat' dir='ltr'>Raguelcm</span> <span class='ocrx_word' id='word_1_274' title='bbox 1257 2006 1487 2040; x_wconf 87' lang='lat' dir='ltr'>manerent,</span> <span class='ocrx_word' id='word_1_275' title='bbox 1509 1999 1619 2043; x_wconf 81' lang='lat' dir='ltr'>cujus</span> <span class='ocrx_word' id='word_1_276' title='bbox 1644 1994 1724 2032; x_wconf 85' lang='lat' dir='ltr'>filia</span> <span class='ocrx_word' id='word_1_277' title='bbox 1750 1996 1840 2032; x_wconf 82' lang='lat' dir='ltr'>Sara</span> <span class='ocrx_word' id='word_1_278' title='bbox 1862 1993 1910 2032; x_wconf 90' lang='lat' dir='ltr'>se-</span> 
     </span>
     <span class='ocr_line' id='line_1_31' title="bbox 361 2048 1912 2104; baseline -0.002 -14"><span class='ocrx_word' id='word_1_279' title='bbox 361 2065 468 2104; x_wconf 81' lang='lat' dir='ltr'>ptem</span> <span class='ocrx_word' id='word_1_280' title='bbox 490 2048 581 2091; x_wconf 80' lang='lat' dir='ltr'>viris</span> <span class='ocrx_word' id='word_1_281' title='bbox 615 2054 742 2101; x_wconf 83' lang='lat' dir='ltr'>(quos</span> <span class='ocrx_word' id='word_1_282' title='bbox 769 2053 1040 2096; x_wconf 87' lang='lat' dir='ltr'>daemonium,</span> <span class='ocrx_word' id='word_1_283' title='bbox 1068 2054 1192 2101; x_wconf 86' lang='lat' dir='ltr'>prima</span> <span class='ocrx_word' id='word_1_284' title='bbox 1228 2053 1463 2090; x_wconf 86' lang='lat' dir='ltr'>concubitus</span> <span class='ocrx_word' id='word_1_285' title='bbox 1477 2053 1594 2089; x_wconf 69' lang='lat' dir='ltr'>noete</span> <span class='ocrx_word' id='word_1_286' title='bbox 1627 2050 1912 2099; x_wconf 79' lang='lat' dir='ltr'>interfecerat,)</span> 
     </span>
     <span class='ocr_line' id='line_1_32' title="bbox 362 2107 1914 2158; baseline -0.003 -12"><span class='ocrx_word' id='word_1_287' title='bbox 362 2110 497 2147; x_wconf 81' lang='lat' dir='ltr'>frustra</span> <span class='ocrx_word' id='word_1_288' title='bbox 523 2108 753 2158; x_wconf 78' lang='lat' dir='ltr'>desponsata</span> <span class='ocrx_word' id='word_1_289' title='bbox 778 2107 923 2153; x_wconf 80' lang='lat' dir='ltr'>fuisset,</span> <span class='ocrx_word' id='word_1_290' title='bbox 950 2108 1095 2158; x_wconf 74' lang='lat' dir='ltr'>Angeli</span> <span class='ocrx_word' id='word_1_291' title='bbox 1128 2107 1296 2149; x_wconf 77' lang='lat' dir='ltr'>consilio</span> <span class='ocrx_word' id='word_1_292' title='bbox 1319 2107 1500 2146; x_wconf 83' lang='lat' dir='ltr'>Thobias</span> <span class='ocrx_word' id='word_1_293' title='bbox 1534 2108 1645 2145; x_wconf 85' lang='lat' dir='ltr'>illam</span> <span class='ocrx_word' id='word_1_294' title='bbox 1672 2108 1712 2143; x_wconf 88' lang='lat' dir='ltr'>in</span> <span class='ocrx_word' id='word_1_295' title='bbox 1747 2117 1914 2143; x_wconf 84' lang='lat' dir='ltr'>uxorem</span> 
     </span>
     <span class='ocr_line' id='line_1_33' title="bbox 363 2162 1912 2215; baseline -0.003 -14"><span class='ocrx_word' id='word_1_296' title='bbox 363 2168 469 2215; x_wconf 82' lang='lat' dir='ltr'>petiit</span> <span class='ocrx_word' id='word_1_297' title='bbox 492 2165 513 2202; x_wconf 71' lang='lat' dir='ltr'>a</span> <span class='ocrx_word' id='word_1_298' title='bbox 541 2175 656 2214; x_wconf 77' lang='lat' dir='ltr'>patre,</span> <span class='ocrx_word' id='word_1_299' title='bbox 678 2162 960 2213; x_wconf 56' lang='lat' dir='ltr'>obtinuitc&#39;iue,</span> <span class='ocrx_word' id='word_1_300' title='bbox 985 2176 1030 2201; x_wconf 86' lang='lat' dir='ltr'>ac</span> <span class='ocrx_word' id='word_1_301' title='bbox 1044 2164 1258 2201; x_wconf 81' lang='lat' dir='ltr'>Daemonio</span> <span class='ocrx_word' id='word_1_302' title='bbox 1281 2163 1423 2201; x_wconf 59' lang='lat' dir='ltr'>abacto</span> <span class='ocrx_word' id='word_1_303' title='bbox 1435 2163 1563 2201; x_wconf 88' lang='lat' dir='ltr'>cordis</span> <span class='ocrx_word' id='word_1_304' title='bbox 1575 2162 1715 2206; x_wconf 89' lang='lat' dir='ltr'>fumo,</span> <span class='ocrx_word' id='word_1_305' title='bbox 1737 2162 1803 2198; x_wconf 83' lang='lat' dir='ltr'>illa</span> <span class='ocrx_word' id='word_1_306' title='bbox 1815 2173 1912 2198; x_wconf 86' lang='lat' dir='ltr'>con-</span> 
     </span>
     <span class='ocr_line' id='line_1_34' title="bbox 360 2217 1913 2271; baseline -0.004 -13"><span class='ocrx_word' id='word_1_307' title='bbox 360 2221 670 2271; x_wconf 60' lang='lat' dir='ltr'>jugaliter,cum</span> <span class='ocrx_word' id='word_1_308' title='bbox 696 2220 814 2257; x_wconf 85' lang='lat' dir='ltr'>altera</span> <span class='ocrx_word' id='word_1_309' title='bbox 832 2230 937 2269; x_wconf 84' lang='lat' dir='ltr'>parte</span> <span class='ocrx_word' id='word_1_310' title='bbox 963 2221 1151 2257; x_wconf 87' lang='lat' dir='ltr'>omnium</span> <span class='ocrx_word' id='word_1_311' title='bbox 1179 2219 1405 2263; x_wconf 88' lang='lat' dir='ltr'>bonorum,</span> <span class='ocrx_word' id='word_1_312' title='bbox 1426 2231 1512 2267; x_wconf 79' lang='lat' dir='ltr'>quae</span> <span class='ocrx_word' id='word_1_313' title='bbox 1536 2229 1643 2267; x_wconf 85' lang='lat' dir='ltr'>pater</span> <span class='ocrx_word' id='word_1_314' title='bbox 1665 2217 1913 2267; x_wconf 83' lang='lat' dir='ltr'>possidebat,</span> 
     </span>
     <span class='ocr_line' id='line_1_35' title="bbox 362 2271 1916 2327; baseline -0.002 -16"><span class='ocrx_word' id='word_1_315' title='bbox 362 2279 512 2327; x_wconf 77' lang='lat' dir='ltr'>potitus</span> <span class='ocrx_word' id='word_1_316' title='bbox 533 2276 595 2313; x_wconf 85' lang='lat' dir='ltr'>est.</span> <span class='ocrx_word' id='word_1_317' title='bbox 653 2274 892 2321; x_wconf 73' lang='lat' dir='ltr'>Huiusmodi</span> <span class='ocrx_word' id='word_1_318' title='bbox 912 2276 1058 2312; x_wconf 88' lang='lat' dir='ltr'>itineris</span> <span class='ocrx_word' id='word_1_319' title='bbox 1080 2275 1223 2312; x_wconf 88' lang='lat' dir='ltr'>ducem</span> <span class='ocrx_word' id='word_1_320' title='bbox 1238 2302 1248 2319; x_wconf 94' lang='lat'>,</span> <span class='ocrx_word' id='word_1_321' title='bbox 1265 2287 1351 2312; x_wconf 90' lang='lat' dir='ltr'>non</span> <span class='ocrx_word' id='word_1_322' title='bbox 1370 2274 1421 2312; x_wconf 90' lang='lat' dir='ltr'>est</span> <span class='ocrx_word' id='word_1_323' title='bbox 1443 2275 1625 2315; x_wconf 86' lang='lat' dir='ltr'>dubium,</span> <span class='ocrx_word' id='word_1_324' title='bbox 1642 2275 1738 2321; x_wconf 88' lang='lat' dir='ltr'>quin</span> <span class='ocrx_word' id='word_1_325' title='bbox 1764 2272 1832 2309; x_wconf 88' lang='lat' dir='ltr'>sibi</span> <span class='ocrx_word' id='word_1_326' title='bbox 1851 2271 1916 2309; x_wconf 85' lang='lat' dir='ltr'>hic</span> 
     </span>
     <span class='ocr_line' id='line_1_36' title="bbox 362 2330 1914 2380; baseline -0.004 -10"><span class='ocrx_word' id='word_1_327' title='bbox 362 2334 457 2370; x_wconf 80' lang='lat' dir='ltr'>Dux</span> <span class='ocrx_word' id='word_1_328' title='bbox 473 2361 483 2376; x_wconf 93' lang='lat'>‚</span> <span class='ocrx_word' id='word_1_329' title='bbox 506 2335 575 2380; x_wconf 82' lang='lat' dir='ltr'>qui</span> <span class='ocrx_word' id='word_1_330' title='bbox 600 2330 731 2370; x_wconf 85' lang='lat' dir='ltr'>adhuc</span> <span class='ocrx_word' id='word_1_331' title='bbox 751 2332 886 2368; x_wconf 79' lang='lat' dir='ltr'>caelebs</span> <span class='ocrx_word' id='word_1_332' title='bbox 900 2341 980 2368; x_wconf 80' lang='lat' dir='ltr'>erat</span> <span class='ocrx_word' id='word_1_333' title='bbox 992 2358 1001 2373; x_wconf 88' lang='lat'>,</span> <span class='ocrx_word' id='word_1_334' title='bbox 1016 2332 1114 2368; x_wconf 90' lang='lat' dir='ltr'>dum</span> <span class='ocrx_word' id='word_1_335' title='bbox 1138 2330 1242 2368; x_wconf 85' lang='lat' dir='ltr'>hanc</span> <span class='ocrx_word' id='word_1_336' title='bbox 1266 2330 1596 2380; x_wconf 81' lang='lat' dir='ltr'>Hierograpbiam</span> <span class='ocrx_word' id='word_1_337' title='bbox 1609 2331 1781 2379; x_wconf 80' lang='lat' dir='ltr'>erigeret,</span> <span class='ocrx_word' id='word_1_338' title='bbox 1796 2338 1914 2376; x_wconf 87' lang='lat' dir='ltr'>opta-</span> 
     </span>
     <span class='ocr_line' id='line_1_37' title="bbox 361 2384 1915 2437; baseline -0.004 -12"><span class='ocrx_word' id='word_1_339' title='bbox 361 2390 429 2427; x_wconf 77' lang='lat' dir='ltr'>rit:</span> <span class='ocrx_word' id='word_1_340' title='bbox 453 2399 535 2437; x_wconf 90' lang='lat' dir='ltr'>quo</span> <span class='ocrx_word' id='word_1_341' title='bbox 549 2390 710 2435; x_wconf 81' lang='lat' dir='ltr'>juvante</span> <span class='ocrx_word' id='word_1_342' title='bbox 727 2387 835 2435; x_wconf 88' lang='lat' dir='ltr'>piam</span> <span class='ocrx_word' id='word_1_343' title='bbox 850 2415 860 2430; x_wconf 95' lang='lat'>‚</span> <span class='ocrx_word' id='word_1_344' title='bbox 882 2384 1150 2434; x_wconf 58' lang='lat' dir='ltr'>omnibusqne</span> <span class='ocrx_word' id='word_1_345' title='bbox 1162 2386 1365 2424; x_wconf 87' lang='lat' dir='ltr'>virtutibus</span> <span class='ocrx_word' id='word_1_346' title='bbox 1381 2395 1564 2423; x_wconf 86' lang='lat' dir='ltr'>ornatam</span> <span class='ocrx_word' id='word_1_347' title='bbox 1579 2394 1807 2425; x_wconf 76' lang='lat' dir='ltr'>uxorem,ut</span> <span class='ocrx_word' id='word_1_348' title='bbox 1821 2384 1915 2421; x_wconf 73' lang='lat' dir='ltr'>Sara</span> 
     </span>
     <span class='ocr_line' id='line_1_38' title="bbox 362 2437 1913 2492; baseline -0.003 -11"><span class='ocrx_word' id='word_1_349' title='bbox 362 2441 460 2487; x_wconf 82' lang='lat' dir='ltr'>fuit,</span> <span class='ocrx_word' id='word_1_350' title='bbox 486 2441 655 2480; x_wconf 85' lang='lat' dir='ltr'>nancisci</span> <span class='ocrx_word' id='word_1_351' title='bbox 678 2442 807 2492; x_wconf 76' lang='lat' dir='ltr'>posset.</span> <span class='ocrx_word' id='word_1_352' title='bbox 862 2443 977 2479; x_wconf 85' lang='lat' dir='ltr'>Hane</span> <span class='ocrx_word' id='word_1_353' title='bbox 998 2442 1101 2478; x_wconf 89' lang='lat' dir='ltr'>illius</span> <span class='ocrx_word' id='word_1_354' title='bbox 1127 2440 1235 2478; x_wconf 79' lang='lat' dir='ltr'>fuisse</span> <span class='ocrx_word' id='word_1_355' title='bbox 1254 2452 1441 2485; x_wconf 86' lang='lat' dir='ltr'>mentem,</span> <span class='ocrx_word' id='word_1_356' title='bbox 1455 2440 1692 2491; x_wconf 84' lang='lat' dir='ltr'>Symbolum</span> <span class='ocrx_word' id='word_1_357' title='bbox 1707 2467 1718 2484; x_wconf 93' lang='lat'>,</span> <span class='ocrx_word' id='word_1_358' title='bbox 1751 2438 1872 2476; x_wconf 88' lang='lat' dir='ltr'>VIA</span> <span class='ocrx_word' id='word_1_359' title='bbox 1889 2437 1913 2475; x_wconf 91' lang='lat' dir='ltr'>S</span> 
     </span>
     <span class='ocr_line' id='line_1_39' title="bbox 363 2494 1916 2540; baseline -0.006 -2"><span class='ocrx_word' id='word_1_360' title='bbox 363 2499 540 2538; x_wconf 84' lang='lat' dir='ltr'>TVAS</span> <span class='ocrx_word' id='word_1_361' title='bbox 584 2498 860 2536; x_wconf 87' lang='lat' dir='ltr'>DOMINE</span> <span class='ocrx_word' id='word_1_362' title='bbox 908 2496 1342 2534; x_wconf 86' lang='lat' dir='ltr'>DEMONSTRA</span> <span class='ocrx_word' id='word_1_363' title='bbox 1378 2497 1552 2540; x_wconf 85' lang='lat' dir='ltr'><strong>MIHI,</strong></span> <span class='ocrx_word' id='word_1_364' title='bbox 1573 2494 1806 2533; x_wconf 86' lang='lat' dir='ltr'>confirmat:</span> <span class='ocrx_word' id='word_1_365' title='bbox 1835 2494 1916 2530; x_wconf 85' lang='lat' dir='ltr'>Sci·</span> 
     </span>
     <span class='ocr_line' id='line_1_40' title="bbox 363 2549 1918 2602; baseline -0.005 -9"><span class='ocrx_word' id='word_1_366' title='bbox 363 2558 420 2595; x_wconf 85' lang='lat' dir='ltr'>vit</span> <span class='ocrx_word' id='word_1_367' title='bbox 431 2557 540 2593; x_wconf 87' lang='lat' dir='ltr'>enim</span> <span class='ocrx_word' id='word_1_368' title='bbox 564 2554 656 2590; x_wconf 82' lang='lat' dir='ltr'>Dux</span> <span class='ocrx_word' id='word_1_369' title='bbox 673 2581 684 2597; x_wconf 92' lang='lat'>,</span> <span class='ocrx_word' id='word_1_370' title='bbox 706 2553 881 2597; x_wconf 80' lang='lat' dir='ltr'>bonam,</span> <span class='ocrx_word' id='word_1_371' title='bbox 898 2554 1030 2602; x_wconf 81' lang='lat' dir='ltr'>piam,</span> <span class='ocrx_word' id='word_1_372' title='bbox 1051 2555 1090 2590; x_wconf 70' lang='grc' dir='ltr'>δε</span> <span class='ocrx_word' id='word_1_373' title='bbox 1113 2552 1280 2601; x_wconf 85' lang='lat' dir='ltr'>probam</span> <span class='ocrx_word' id='word_1_374' title='bbox 1303 2563 1494 2595; x_wconf 88' lang='lat' dir='ltr'>uxorem,</span> <span class='ocrx_word' id='word_1_375' title='bbox 1524 2562 1611 2588; x_wconf 89' lang='lat' dir='ltr'>non</span> <span class='ocrx_word' id='word_1_376' title='bbox 1637 2549 1707 2588; x_wconf 79' lang='lat' dir='ltr'>nisi</span> <span class='ocrx_word' id='word_1_377' title='bbox 1728 2549 1749 2586; x_wconf 71' lang='lat' dir='ltr'>a</span> <span class='ocrx_word' id='word_1_378' title='bbox 1770 2549 1918 2586; x_wconf 84' lang='lat' dir='ltr'>Domi·</span> 
     </span>
     <span class='ocr_line' id='line_1_41' title="bbox 364 2603 1914 2658; baseline -0.006 -8"><span class='ocrx_word' id='word_1_379' title='bbox 364 2624 435 2656; x_wconf 89' lang='lat' dir='ltr'>no,</span> <span class='ocrx_word' id='word_1_380' title='bbox 450 2621 491 2648; x_wconf 87' lang='lat' dir='ltr'>ut</span> <span class='ocrx_word' id='word_1_381' title='bbox 504 2609 675 2647; x_wconf 84' lang='lat' dir='ltr'>Thobiae</span> <span class='ocrx_word' id='word_1_382' title='bbox 687 2610 866 2658; x_wconf 83' lang='lat' dir='ltr'>contigit,</span> <span class='ocrx_word' id='word_1_383' title='bbox 878 2609 975 2646; x_wconf 82' lang='lat' dir='ltr'>dari.</span> <span class='ocrx_word' id='word_1_384' title='bbox 1033 2609 1170 2658; x_wconf 73' lang='lat' dir='ltr'>Qana</span> <span class='ocrx_word' id='word_1_385' title='bbox 1182 2609 1299 2644; x_wconf 84' lang='lat' dir='ltr'>etiam</span> <span class='ocrx_word' id='word_1_386' title='bbox 1315 2608 1443 2657; x_wconf 88' lang='lat' dir='ltr'>postea</span> <span class='ocrx_word' id='word_1_387' title='bbox 1466 2607 1624 2656; x_wconf 82' lang='lat' dir='ltr'>jugibus</span> <span class='ocrx_word' id='word_1_388' title='bbox 1640 2607 1688 2643; x_wconf 86' lang='lat' dir='ltr'>ad</span> <span class='ocrx_word' id='word_1_389' title='bbox 1703 2606 1836 2643; x_wconf 86' lang='lat' dir='ltr'>Deum</span> <span class='ocrx_word' id='word_1_390' title='bbox 1850 2603 1914 2641; x_wconf 83' lang='lat' dir='ltr'>fu-</span> 
     </span>
     <span class='ocr_line' id='line_1_42' title="bbox 363 2660 1913 2716; baseline -0.006 -11"><span class='ocrx_word' id='word_1_391' title='bbox 363 2667 410 2705; x_wconf 84' lang='lat' dir='ltr'>fis</span> <span class='ocrx_word' id='word_1_392' title='bbox 431 2666 608 2716; x_wconf 87' lang='lat' dir='ltr'>precibus</span> <span class='ocrx_word' id='word_1_393' title='bbox 630 2666 816 2707; x_wconf 87' lang='lat' dir='ltr'>obtinuit,</span> <span class='ocrx_word' id='word_1_394' title='bbox 832 2662 1091 2701; x_wconf 83' lang='lat' dir='ltr'>Elisabetham</span> <span class='ocrx_word' id='word_1_395' title='bbox 1128 2675 1271 2713; x_wconf 89' lang='lat' dir='ltr'>nempe</span> <span class='ocrx_word' id='word_1_396' title='bbox 1296 2663 1546 2701; x_wconf 89' lang='lat' dir='ltr'>Austriacam</span> <span class='ocrx_word' id='word_1_397' title='bbox 1570 2661 1802 2699; x_wconf 82' lang='lat' dir='ltr'>Ferdinandi</span> <span class='ocrx_word' id='word_1_398' title='bbox 1836 2660 1913 2697; x_wconf 85' lang='lat' dir='ltr'>lm-</span> 
     </span>
     <span class='ocr_line' id='line_1_43' title="bbox 363 2715 1914 2772; baseline -0.006 -12"><span class='ocrx_word' id='word_1_399' title='bbox 363 2722 551 2772; x_wconf 79' lang='lat' dir='ltr'>peratoris</span> <span class='ocrx_word' id='word_1_400' title='bbox 571 2720 720 2762; x_wconf 84' lang='lat' dir='ltr'>filiam,</span> <span class='ocrx_word' id='word_1_401' title='bbox 745 2724 856 2767; x_wconf 86' lang='lat' dir='ltr'>cujus</span> <span class='ocrx_word' id='word_1_402' title='bbox 880 2721 1001 2768; x_wconf 84' lang='lat' dir='ltr'>pietas</span> <span class='ocrx_word' id='word_1_403' title='bbox 1025 2721 1062 2757; x_wconf 74' lang='grc' dir='ltr'>ὅ(</span> <span class='ocrx_word' id='word_1_404' title='bbox 1087 2720 1207 2756; x_wconf 87' lang='lat' dir='ltr'>virtus</span> <span class='ocrx_word' id='word_1_405' title='bbox 1229 2747 1239 2763; x_wconf 94' lang='lat'>,</span> <span class='ocrx_word' id='word_1_406' title='bbox 1266 2719 1370 2756; x_wconf 87' lang='lat' dir='ltr'>Solis</span> <span class='ocrx_word' id='word_1_407' title='bbox 1392 2718 1510 2756; x_wconf 86' lang='lat' dir='ltr'>instar</span> <span class='ocrx_word' id='word_1_408' title='bbox 1538 2727 1663 2754; x_wconf 87' lang='lat' dir='ltr'>totam</span> <span class='ocrx_word' id='word_1_409' title='bbox 1688 2717 1844 2754; x_wconf 85' lang='lat' dir='ltr'>Italiam</span> <span class='ocrx_word' id='word_1_410' title='bbox 1868 2715 1914 2751; x_wconf 86' lang='lat' dir='ltr'>il·</span> 
     </span>
     <span class='ocr_line' id='line_1_44' title="bbox 363 2771 1914 2825; baseline -0.006 -9"><span class='ocrx_word' id='word_1_411' title='bbox 363 2778 549 2817; x_wconf 78' lang='lat' dir='ltr'>lustravit.</span> <span class='ocrx_word' id='word_1_412' title='bbox 623 2775 752 2813; x_wconf 88' lang='lat' dir='ltr'>Potest</span> <span class='ocrx_word' id='word_1_413' title='bbox 789 2776 907 2813; x_wconf 86' lang='lat' dir='ltr'>etiam</span> <span class='ocrx_word' id='word_1_414' title='bbox 939 2775 1020 2812; x_wconf 79' lang='lat' dir='ltr'>haee</span> <span class='ocrx_word' id='word_1_415' title='bbox 1050 2773 1342 2825; x_wconf 82' lang='lat' dir='ltr'>Hietographia</span> <span class='ocrx_word' id='word_1_416' title='bbox 1371 2774 1418 2811; x_wconf 87' lang='lat' dir='ltr'>ad</span> <span class='ocrx_word' id='word_1_417' title='bbox 1451 2774 1590 2810; x_wconf 91' lang='lat' dir='ltr'>omnia</span> <span class='ocrx_word' id='word_1_418' title='bbox 1621 2773 1697 2811; x_wconf 86' lang='lat' dir='ltr'>alia</span> <span class='ocrx_word' id='word_1_419' title='bbox 1729 2771 1914 2820; x_wconf 78' lang='lat' dir='ltr'>negotia,</span> 
     </span>
    </p>
   </div>
   <div class='ocr_carea' id='block_1_9' title="bbox 365 2826 1916 2931">
    <p class='ocr_par' dir='ltr' id='par_1_9' title="bbox 365 2826 1916 2931">
     <span class='ocr_line' id='line_1_45' title="bbox 365 2826 1916 2883; baseline -0.008 -10"><span class='ocrx_word' id='word_1_420' title='bbox 365 2847 411 2873; x_wconf 77' lang='lat' dir='ltr'>ac</span> <span class='ocrx_word' id='word_1_421' title='bbox 423 2845 484 2872; x_wconf 82' lang='lat' dir='ltr'>tes</span> <span class='ocrx_word' id='word_1_422' title='bbox 507 2832 661 2883; x_wconf 85' lang='lat' dir='ltr'>quasvis</span> <span class='ocrx_word' id='word_1_423' title='bbox 682 2832 853 2881; x_wconf 79' lang='lat' dir='ltr'>agendas</span> <span class='ocrx_word' id='word_1_424' title='bbox 867 2858 879 2876; x_wconf 87' lang='lat'>‚</span> <span class='ocrx_word' id='word_1_425' title='bbox 911 2830 1262 2869; x_wconf 83' lang='lat' dir='ltr'>accommodari&amp;</span> <span class='ocrx_word' id='word_1_426' title='bbox 1286 2830 1485 2880; x_wconf 81' lang='lat' dir='ltr'>applicari.</span> <span class='ocrx_word' id='word_1_427' title='bbox 1518 2829 1620 2878; x_wconf 83' lang='lat' dir='ltr'>Qis</span> <span class='ocrx_word' id='word_1_428' title='bbox 1637 2829 1745 2866; x_wconf 83' lang='lat' dir='ltr'>enim</span> <span class='ocrx_word' id='word_1_429' title='bbox 1765 2826 1817 2863; x_wconf 87' lang='lat' dir='ltr'>est</span> <span class='ocrx_word' id='word_1_430' title='bbox 1832 2836 1916 2862; x_wconf 87' lang='lat' dir='ltr'>tam</span> 
     </span>
     <span class='ocr_line' id='line_1_46' title="bbox 1768 2891 1916 2931; baseline -0.014 -11"><span class='ocrx_word' id='word_1_431' title='bbox 1768 2891 1916 2931; x_wconf 68' lang='lat' dir='ltr'>impius</span> 
     </span>
    </p>
   </div>
  </div>
 </body>
</html>
