1980 3369
355 274 479 325 '²4'
590 328 892 379 FORTIA
953 330 1268 380 FACERE
1324 331 1420 381 ET
1478 333 1657 384 PATI

878 423 1203 458 ROMANUM
1259 424 1375 460 EST.

507 501 555 539 C.
570 503 718 550 Mutius
731 502 956 541 adolescens
969 504 1113 541 nobilis
1129 505 1353 548 Romanus,
1371 504 1461 543 cum
1477 504 1642 543 Porsena
1656 504 1879 542 Hetrursco-

351 569 442 595 rum
455 557 557 600 Rex,
573 559 753 595 Romam
766 559 965 601 obsideret,
979 560 1142 597 Senatus
1154 561 1332 598 Romani
1345 559 1547 603 consensu,
1560 562 1600 596 in
1614 560 1729 597 castra
1743 561 1877 597 Hetru-

350 612 506 650 scorum
518 611 553 649 se
566 614 744 656 contulit,
759 616 853 651 acin
868 614 1148 653 confertissima
1161 615 1284 658 turba,
1301 627 1419 664 prope
1433 618 1584 665 regium
1595 614 1766 652 tribunal
1784 626 1878 652 con-

352 667 455 704 stitit.
513 667 676 704 Ibicum
691 669 925 716 stipendium
952 670 1139 707 militibus
1161 670 1325 713 daretur,
1348 670 1514 707 &scriba
1528 681 1617 706 cum
1631 682 1716 719 rege
1731 669 1875 712 sedens,

350 723 432 771 pari
447 719 526 759 fere
538 732 678 759 ornatu
692 723 815 761 multa
834 735 968 773 ageret,
981 722 1152 772 eumt'lue
1166 725 1306 762 milites
1320 726 1437 774 vulgo
1450 726 1616 761 adii-ent.-
1638 726 1779 762 timens
1795 722 1878 762 scis-

348 778 456 814 citati
470 787 552 814 uter
564 777 727 815 Porsena
741 776 838 821 effer,
849 791 898 816 ne
911 780 1134 829 ignorando
1148 790 1289 828 regem,
1304 778 1495 828 semetipse
1507 781 1668 829 aperiret
1678 781 1764 826 quis
1777 777 1877 821 effet,

348 831 516 869 scribam
539 844 609 881 pro
621 844 707 882 rege
720 834 940 875 obtruncat,
975 836 1072 871 Eum
1085 834 1210 871 statim
1225 836 1312 883 regii
1339 833 1513 872 satellites
1526 833 1875 883 compraehensum.

348 897 440 925 ante
452 888 623 926 tribunal
637 890 732 938 regis
747 888 887 927 sistunt.
942 891 1050 927 Tum
1066 889 1444 932 Mutius‚Romanus
1460 889 1542 927 sum
1565 892 1693 937 inquit
1703 890 1808 933 civis,
1831 888 1878 924 C.

349 943 526 980 Mutium
538 943 987 987 vocant‚h0stis,h0stem
1003 945 1175 981 occidere
1187 945 1308 988 volui,
1324 957 1394 982 nee
1411 947 1459 984 ad
1473 955 1640 983 mortem
1655 943 1786 982 minus
1798 945 1879 981 ani-

347 997 622 1046 miest,qu?tm
638 998 837 1035 adcaedem
853 999 938 1042 fuit,
970 1002 1007 1037 ὅ(
1034 999 1289 1037 FACERE
1326 1001 1401 1037 ET
1438 999 1594 1037 PATI
1630 998 1878 1039 FORTIA

348 1054 390 1090 R
407 1054 444 1090 O
458 1054 499 1089 M
516 1055 554 1089 A
567 1054 606 1089 N
623 1053 657 1089 V
670 1054 714 1090 M
748 1055 775 1090 E
789 1055 810 1091 S
825 1055 873 1090 T.
933 1054 1036 1091 Ci‘im
1058 1057 1140 1092 Rex
1155 1057 1206 1092 ita
1222 1055 1412 1100 incensus,
1428 1053 1681 1105 periculoque
1690 1055 1878 1091 conterri-

347 1118 423 1150 tus,
452 1108 680 1145 circumdati
701 1110 807 1158 ignes
832 1109 1777 1156 minitabundusjuberet,nisiinfidias,illistruetas
1792 1120 1878 1157 pro-

347 1162 462 1199 deret.
520 1164 577 1200 En
588 1164 656 1200 tibi
668 1165 807 1211 inquit,
824 1175 863 1200 nt
877 1165 1012 1201 sentias
1026 1177 1145 1212 quam
1160 1166 1233 1202 vile
1244 1177 1384 1214 corpus
1399 1167 1440 1211 ijs
1455 1165 1581 1213 sit‚qui
1596 1177 1780 1214 magnam
1793 1165 1878 1213 glo-

347 1219 609 1266 riampetunt,
623 1218 880 1268 dexrmmdlue
894 1232 1058 1256 inanum
1081 1219 1244 1257 accenso
1265 1221 1311 1258 ad
1332 1220 1562 1259 sacrificium
1583 1221 1722 1257 foculo
1741 1220 1875 1266 inijcit,

346 1284 471 1321 quam
493 1284 585 1309 cum
608 1274 712 1311 velut
734 1276 906 1311 alienato
929 1287 949 1310 a
975 1274 1082 1311 sensu
1115 1285 1273 1312 torreret
1293 1277 1453 1313 animo:
1476 1277 1665 1313 attonitus
1683 1275 1877 1312 miraculo

350 1329 438 1365 Rex
452 1339 542 1364 eum
554 1327 575 1364 :i
587 1327 669 1365 sede
684 1327 747 1366 sua
766 1329 1251 1378 profilijiset,amoveric'1ue
1262 1332 1311 1369 ab
1322 1331 1504 1367 altaribus
1519 1333 1698 1376 juvenem
1713 1328 1875 1376 jussisset.

346 1383 411 1419 Tu
424 1382 515 1420 vero
530 1383 593 1420 abi
607 1385 748 1434 inquit,
762 1387 802 1421 in
816 1395 850 1421 te
863 1386 984 1434 magis
999 1385 1117 1432 quiim
1133 1387 1170 1421 in
1185 1397 1247 1421 me
1260 1385 1410 1423 hostilia
1425 1386 1547 1423 ausus:
1560 1388 1739 1424 Iuberem
1752 1381 1877 1421 maeste

345 1440 486 1489 virtute
500 1437 695 1487 effe‚si(pro
708 1451 793 1476 mea
809 1441 929 1489 patria
944 1440 1009 1477 ista
1025 1442 1140 1478 virtus
1154 1441 1270 1477 staret.
1285 1443 1393 1478 Tum
1409 1442 1557 1479 Mutius
1571 1440 1677 1489 quasi
1694 1451 1876 1476 remune-

346 1505 437 1530 rans
453 1494 1163 1544 meritsi:Qandoquiden1,inquit‚est
1176 1496 1277 1544 apud
1291 1506 1325 1533 te
1339 1498 1468 1534 virtuti
1479 1496 1671 1540 honos,ut
1685 1493 1878 1532 beneficio

344 1548 476 1585 tuleris
510 1548 531 1589 ,ἐι
545 1551 742 1597 rne‚quod
764 1551 881 1587 minis
905 1551 1090 1597 nequisti:
1126 1552 1284 1587 trecenti
1302 1553 1597 1599 conjuravimus
1616 1552 1803 1599 principes
1818 1551 1878 1595 ju-

345 1600 514 1642 ventutis
532 1605 742 1655 Romanae,
756 1615 797 1642 ut
810 1607 850 1643 in
873 1615 909 1642 te
922 1606 995 1643 hac
1009 1608 1069 1644 via
1082 1605 1334 1656 grassliremur
1345 1635 1354 1650 ‚
1378 1618 1464 1644 mea
1487 1608 1607 1656 prima
1622 1605 1697 1643 sors
1711 1606 1796 1646 fuit,
1809 1616 1878 1641 cae-

344 1660 414 1696 teri
428 1669 470 1712 ut
481 1656 560 1708 sors
583 1659 880 1709 ceciderit‚quo
903 1670 939 1697 te
960 1672 1232 1710 opportunum
1247 1662 1407 1700 fortuna
1430 1663 1574 1700 dederit
1588 1689 1598 1705 ,
1622 1659 1692 1699 suo
1715 1659 1878 1709 quisque

343 1725 525 1763 tempore
543 1715 731 1753 adderunt
797 1717 922 1762 Hujus
947 1717 1105 1766 periculi
1131 1717 1240 1754 casus
1263 1716 1470 1755 Porsenam
1495 1726 1689 1759 moverat,
1714 1726 1756 1753 ut
1777 1716 1878 1752 ultro

343 1771 546 1807 Romanis
563 1772 664 1819 pacis
686 1771 935 1808 conditiones
958 1771 1081 1808 ferret.
1141 1772 1206 1808 Ab
1228 1772 1305 1809 hoc
1331 1771 1378 1812 (3,
1396 1773 1508 1819 Mutij
1532 1772 1640 1809 facto
1656 1770 1805 1820 sumpta
1825 1769 1877 1807 est

343 1825 653 1874 Hierographia:
687 1826 870 1871 Cernitur
889 1828 996 1864 enim
1007 1827 1140 1864 dextra
1155 1839 1296 1865 nntius
1319 1839 1410 1864 cum
1423 1828 1557 1876 gladio
1571 1828 1659 1876 igne
1672 1827 1817 1870 torreri,
1833 1837 1878 1862 ac

343 1880 492 1916 dietum
508 1880 637 1925 Mutii,
653 1881 891 1930 Symbolum
903 1882 963 1918 est.
1021 1882 1196 1919 Mutium
1219 1884 1453 1920 Romanum
1468 1910 1477 1925 ‚
1495 1883 1645 1919 Mutius
1673 1880 1877 1918 Columna

343 1934 415 1972 sibi
438 1936 672 1975 imitandum
689 1938 729 1972 in
742 1937 853 1973 rebus
872 1936 1016 1972 bellicis
1036 1937 1257 1986 proposuit:
1287 1938 1402 1985 idque
1416 1950 1499 1975 non
1525 1934 1755 1984 inale,quod
1771 1936 1876 1983 equi-

343 1999 428 2027 tum
460 1990 658 2039 praefestus
670 2019 681 2035 ‚
706 1992 891 2029 industria
913 1994 951 2029 ὃ(
974 1993 1136 2030 audacia
1151 2021 1161 2037 ,
1185 1993 1233 2030 ad
1262 2004 1320 2030 res
1347 1993 1524 2030 foeliciter
1555 1992 1741 2042 gerendas
1776 2001 1875 2040 opus

343 2045 501 2085 habeat.

529 2131 1127 2184 CONTEMNIT
1201 2133 1442 2185 TUTA
1521 2135 1710 2184 PRO-

998 2228 1284 2265 CELLAS.

494 2315 655 2354 familia
671 2315 948 2354 Columnenfis
972 2318 1011 2354 in
1037 2318 1179 2367 parmis
1198 2318 1397 2367 gentilitiis
1420 2317 1514 2354 solet
1534 2329 1606 2368 pro
1617 2316 1725 2367 signo
1740 2315 1876 2352 milita·

343 2371 374 2408 ri
402 2367 545 2408 habere
581 2371 795 2420 'antiquitus
822 2373 1006 2410 Sirenem.
1071 2373 1130 2409 Est
1151 2383 1282 2409 autem
1307 2374 1413 2409 Siren
1439 2373 1656 2409 monstrum
1676 2372 1876 2409 marinum

343 2425 530 2473 superiori
552 2436 657 2474 parte
682 2428 839 2475 virginis
862 2427 993 2464 forma
1009 2455 1019 2471 ‚
1044 2428 1216 2465 inferiori
1244 2426 1365 2476 piscis.
1422 2429 1546 2464 Poetae
1568 2438 1640 2464 tres
1661 2425 1768 2464 fuiffe
1801 2424 1876 2462 fin-

342 2489 454 2530 gunt,
469 2493 513 2518 ae
537 2481 708 2518 Acheloi
721 2480 835 2519 filias.
895 2484 991 2532 Qae
1011 2483 1196 2523 melodia,
1209 2480 1423 2530 cantusc'iue
1437 2482 1494 2519 sva
1503 2483 1618 2520 vitate
1632 2492 1769 2519 nautas
1783 2479 1875 2517 cum

346 2534 443 2572 adse
465 2535 725 2584 pellexiffent;
748 2537 908 2574 tandem
931 2538 1045 2574 undis
1067 2538 1306 2581 obruebant,
1326 2549 1371 2574 ae
1394 2539 1681 2574 interimebant:
1739 2538 1818 2579 Hae,
1835 2543 1878 2571 ut

343 2591 384 2627 in
407 2591 521 2628 undis
545 2593 582 2629 ὃς
606 2592 786 2638 procellis
808 2602 1000 2640 tanquam
1025 2594 1065 2630 in
1098 2593 1265 2630 naturali
1296 2593 1500 2629 domicilio
1534 2602 1621 2629 tutae
1653 2594 1804 2634 vivunt,
1831 2601 1876 2626 ac

343 2656 543 2695 propterea
566 2647 753 2694 procellas
774 2659 927 2689 omnes,
943 2647 1133 2695 marisque
1153 2648 1392 2696 tempestates
1406 2657 1679 2690 contemnunt,
1696 2648 1744 2683 ita
1757 2647 1875 2681 etiam

342 2701 522 2748 Princeps
545 2701 609 2738 istc
628 2702 768 2739 Sirenis
793 2701 913 2750 figura
927 2730 937 2743 ,
964 2704 1000 2739 ἀ
1017 2703 1210 2751 Symbolo
1225 2703 1401 2745 ostendit,
1418 2702 1451 2739 se
1465 2702 1615 2739 adversa
1633 2704 1768 2738 omnia
1783 2712 1874 2737 con-

341 2765 527 2799 temnere,
541 2768 585 2793 ac
598 2757 800 2793 virtutibus
816 2756 889 2793 suis
903 2759 952 2793 ita
968 2756 1144 2800 ridemur
1158 2770 1241 2794 non
1257 2757 1457 2799 dulmense
1469 2758 1542 2794 illis
1556 2760 1690 2793 omnia
1705 2753 1871 2796 adversa,

344 2812 382 2847 &
396 2812 590 2848 contraria
602 2811 716 2849 facile
731 2810 1128 2859 superaturumzvirtus
1142 2815 1248 2849 enim
1260 2813 1412 2850 adversa
1427 2825 1510 2849 non
1521 2816 1643 2850 timen
1656 2814 1747 2859 quia
1770 2822 1814 2846 ex
1831 2811 1874 2854 ijs

344 2864 457 2902 facile
470 2865 673 2907 elustatur.
731 2867 858 2915 quue
871 2877 956 2903 tum
969 2866 1142 2904 maxime
1156 2880 1290 2905 verum
1303 2868 1367 2911 est,
1379 2868 1469 2905 cum
1483 2870 1569 2916 quis
1579 2870 1659 2914 jam
1677 2866 1874 2902 multoties

1722 2919 1875 2957 adversa
