1980 3369
367 288 414 319 0.

315 286 388 382 gs,
403 345 516 376 tanto
529 335 682 385 fulgore
705 333 895 383 praeditus‚
917 342 960 373 ut
971 334 1122 382 ubique
1135 332 1293 383 praesens
1306 333 1393 371 luce
1407 331 1478 370 suo
1500 330 1696 383 radijsdue
1716 333 1787 373 effe
1796 335 1854 372 vi-

313 396 464 436 deatur,
478 391 742 428 nihilominus
761 399 910 432 tamen,
924 390 1082 437 objcsto
1093 390 1216 427 Lunae
1238 400 1403 438 corpore
1415 389 1545 426 radios
1558 390 1608 427 ad
1622 402 1696 426 nos
1710 401 1772 439 per
1784 390 1854 427 ali-

314 459 416 498 quot
427 447 612 495 temporis
623 454 828 483 momenta
842 445 988 484 mittere
1001 456 1087 482 non
1101 445 1241 492 potest:
1263 446 1315 482 ita
1328 456 1568 492 magnorum
1582 445 1755 483 virorum
1768 445 1856 482 ani-

314 506 385 548 mi,
400 506 440 544 &2
453 502 588 544 studia,
603 500 940 545 fortunaeinjutijs‚
957 502 994 539 ὅς
1008 500 1308 543 calamitatibus,
1329 498 1378 536 fic
1390 499 1583 536 interdum
1607 509 1853 548 premuntur,

314 570 358 602 ut
370 560 432 601 vix
448 557 652 595 videantur
666 554 767 604 posse
779 566 983 604 emergere.
1040 555 1222 592 Tandem
1243 564 1391 596 tamen,
1405 563 1447 590 ut
1470 554 1538 591 Sol
1553 555 1762 592 decedente
1772 556 1853 592 Lu-

315 627 382 659 na,
397 612 598 663 pristinam
610 610 752 648 faciem
766 620 974 658 recuperat,
989 607 1158 658 suosc'1ue
1179 610 1307 647 radios
1321 609 1643 657 quoquoversum
1656 608 1850 647 diffundit:

310 672 367 708 ita
381 670 500 707 etiam
524 666 788 704 constantium
810 666 987 702 Heroum
1012 666 1136 702 animi
1156 665 1205 702 ab
1224 665 1476 712 infortuniis,
1499 677 1544 702 ae
1566 666 1855 703 calamitatibus

312 724 478 767 liberati,
492 732 660 762 veterem
673 722 893 761 exercenda:
915 721 1078 764 virtutis,
1102 717 1418 770 magnarumc'lue
1440 721 1695 769 gerendarum
1726 732 1856 757 rerum

314 778 644 818 consuetudinem
670 785 920 826 recuperant:
942 785 985 812 ut
999 773 1083 813 vere
1096 787 1181 812 non
1196 774 1406 824 oppress'05‚
1422 774 1481 812 sed
1496 775 1636 824 preffos
1649 774 1806 814 tautum
1820 774 1857 812 se

317 833 441 880 fuisse,
453 833 579 872 dicere
596 831 757 882 possint.
812 832 901 869 Hoc
913 831 1152 881 Symbolum
1162 832 1280 868 etiam
1293 827 1451 879 pulchre
1463 831 1614 869 veritati
1626 827 1858 870 accommo-

314 891 399 929 dari
420 888 551 940 potest:
607 888 760 927 Veritas
773 889 879 923 enim
890 898 969 924 una
998 886 1049 923 est
1063 896 1104 922 ut
1116 886 1203 923 Sol:
1222 886 1392 935 duplicia
1405 887 1442 923 ὅ(
1455 887 1683 935 multiplicia
1699 885 1787 924 sunt
1796 897 1858 925 ve-

316 947 419 989 ritati
444 944 653 984 contraria.
722 942 777 978 Vt
797 952 931 979 autem
956 941 1025 978 Sol
1045 953 1254 989 nunquam
1269 942 1441 991 opprimi
1454 941 1598 990 potest,
1617 941 1680 980 sed
1700 951 1856 987 tantum

375 1002 527 1053 premi,
545 1010 638 1036 cum
651 997 829 1036 videlicet
846 998 964 1035 Luna
986 997 1044 1033 illi
1057 999 1290 1046 opponitur,
1312 1008 1356 1034 ac
1370 997 1531 1045 impedit
1551 1008 1602 1033 ne
1619 996 1735 1046 ipfius
1746 1009 1804 1036 ta·

467 1056 519 1104 dij
546 1053 594 1093 ad
618 1064 691 1090 nos
705 1053 927 1102 pertingant
940 1079 950 1096 ‚
966 1053 1018 1089 ita
1041 1064 1112 1089 nec
1126 1053 1290 1096 Veritas,
1313 1063 1399 1100 quae
1410 1050 1475 1088 etsi
1487 1053 1710 1100 aliquando

583 1117 795 1161 prematur,
809 1110 847 1146 ὅ(
862 1108 1021 1146 caelctur:
1042 1117 1197 1156 tempus
1219 1117 1353 1145 tamen
1366 1106 1489 1155 ipsam
1501 1117 1588 1147 tan-

747 1163 839 1205 dem
849 1165 891 1204 in
902 1163 1031 1203 lucem
1046 1163 1207 1212 profert,
1222 1165 1331 1214 cujus
1344 1160 1425 1201 filia

434 1240 516 1274 12„
953 1217 1039 1273 ‘effe
1074 1218 1221 1257 dicitur.
