1980 3369
330 201 430 246 150.

843 256 1027 305 ILLE
1103 257 1336 307 MEOS.

478 346 744 395 Virgilianum
759 346 810 384 est
824 347 1075 398 Symbolum,
1089 363 1134 389 ae
1148 352 1333 397 Didonis,
1344 363 1429 399 quae
1443 361 1664 401 perpetuam
1678 348 1860 403 p0st³obi-

325 408 408 436 tum
423 402 551 439 mariti
583 401 810 440 viduitatem
822 402 858 440 se
869 404 1104 444 servaturam
1115 409 1280 453 jurabat,
1301 409 1437 445 verba:
1855 427 1858 429 Α

568 474 651 524 Ille
663 491 793 533 meos,
800 478 984 538 primm,
997 480 1071 544 qni
1085 496 1156 527 me
1152 477 1241 545 sthi
1236 482 1389 542 junxit
1399 497 1566 528 amores

699 548 759 593 A
760 543 918 612 bstulit,
931 549 1000 596 ille
1012 547 1727 618 habeatsscum,servetq}ſs²pulchro.

475 633 766 683 Hieroglypton
781 635 977 685 symbolo
998 637 1224 686 respondem
1246 643 1412 678 cernitur
1431 645 1538 680 enim
1551 653 1672 680 turtur
1683 644 1858 680 exiccato
1914 662 1916 665 >

323 686 491 725 insidens
527 689 674 726 arboris
703 701 839 734 ramo,
864 694 928 738 qui
961 695 1131 743 conjugii
1154 695 1299 733 foedera
1323 699 1373 734 ira
1400 697 1533 741 servat,
1555 708 1595 736 ut
1609 696 1692 746 post
1703 694 1858 736 obitum

322 743 519 792 conjugis,
535 754 602 781 aut
627 746 726 794 paris
755 744 958 793 superstes,
982 760 1191 796 nunquam
1214 754 1384 801 conjugij
1412 751 1633 790 societatem
1649 782 1659 796 ,
1688 762 1754 789 aut
1789 765 1859 801 pa·-

320 809 403 834 rem
416 799 585 847 amplius
597 801 929 847 quaerandefunffi
942 805 1046 840 enim
1065 815 1232 843 mortem
1247 805 1431 855 perpetuo
1453 808 1857 857 luget‚omnesc'13deli-

325 854 403 890 cias
416 853 624 903 fugit‚neq;
639 857 821 893 viridibus
832 858 1017 894 arborum
1031 861 1146 896 ramis
1160 862 1406 908 amplius,sed
1424 865 1590 905 exuccis,
1607 861 1757 912 aridisc'13
1769 859 1855 900 tan*-

321 918 407 945 tum
429 909 577 947 insidet.
631 912 720 948 Haec
744 912 974 960 Principum,
1002 914 1121 951 Ducis
1141 916 1334 965 Bisignani
1357 917 1451 961 filia,
1467 920 1620 955 turturis
1632 910 1856 967 exemplum

321 963 445 1001 secuta
458 965 520 1002 est:
577 966 726 1004 Marito
739 968 845 1003 enim
857 968 1058 1008 defuneto,
1073 969 1151 1018 ipsa
1166 971 1329 1009 florente
1342 982 1447 1009 aetate
1461 974 1575 1011 vidua
1589 973 1780 1022 superstes,
1797 973 1858 1009 lu<

320 1021 452 1068 gubris
476 1020 623 1069 semper
635 1021 787 1065 mansu,
804 1021 956 1071 sesee'lue
981 1026 1028 1060 ab
1048 1025 1260 1063 hominum
1282 1028 1481 1065 consortio
1494 1028 1714 1078 segregavit.
1752 1029 1856 1079 ,Do-

320 1076 503 1112 mictiam
519 1075 705 1124 perpetuo
726 1077 878 1115 occlusa
906 1079 1052 1116 vestalis
1075 1084 1234 1130 virginis
1255 1083 1392 1127 instar,
1418 1096 1463 1120 ac
1485 1083 1504 1120 ἐι
1529 1088 1622 1120 vino
1647 1080 1853 1127 abstinens,

320 1129 525 1178 studijsque
538 1131 693 1174 divinis,
709 1134 747 1169 &
762 1135 977 1171 moralibus
988 1136 1128 1177 dedita,
1141 1138 1335 1177 remansit.
1395 1139 1536 1177 Nullas
1550 1140 1706 1188 nuptias
1718 1139 1738 1175 ὲ
1752 1139 1855 1187 ptin-

323 1186 475 1233 cipibus
499 1188 699 1235 expetitas,
715 1189 811 1224 inire
838 1201 1015 1237 unquam
1034 1190 1167 1228 Voluit.
1227 1193 1383 1230 Iusticiae
1405 1195 1595 1243 imprimis
1610 1223 1619 1237 ‚
1636 1203 1677 1231 ut
1697 1192 1855 1230 subditis

319 1240 420 1276 bene
437 1242 766 1279 administraretur
789 1256 949 1292 operam
972 1246 1094 1282 dedit:
1122 1247 1161 1283 in
1189 1258 1372 1297 pauperes
1396 1251 1432 1286 ἅ
1456 1251 1631 1298 virgines,
1658 1261 1755 1297 quas
1779 1247 1853 1284 suis

318 1297 493 1343 cxpenfis
507 1297 699 1340 elocabat‚
726 1296 810 1334 [litis
831 1300 997 1336 liberalis
1011 1329 1021 1343 ‚
1045 1304 1204 1338 tandem
1228 1314 1269 1340 ut
1289 1303 1514 1342 fidelitatem
1540 1307 1581 1342 in
1595 1305 1794 1348 maritum,
1815 1305 1854 1340 &

317 1354 605 1389 continentiam
620 1352 848 1434 offenderet,
864 1355 966 1392 hanc
987 1357 1317 1406 Hierographiam
1331 1360 1462 1397 edidit.

593 1466 1113 1517 CELERITATE
1164 1471 1259 1519 ET
1318 1472 1575 1522 MORA.

470 1561 547 1598 Ala
561 1561 648 1598 orbi
662 1562 852 1610 applicata
866 1563 1113 1606 celeritatem,
1130 1575 1174 1600 ac
1187 1564 1336 1600 testudo
1349 1565 1387 1600 in
1401 1562 1599 1600 adversam
1612 1566 1692 1609 ejus
1706 1570 1851 1611 partem

316 1628 465 1665 repens,
481 1629 637 1653 moram
651 1617 834 1666 designat.
893 1618 1042 1665 Aquila
1056 1619 1191 1655 orbem
1213 1618 1397 1656 sustinens
1413 1630 1621 1666 utrumque
1634 1631 1642 1654 :
1656 1617 1851 1665 quantum

314 1673 421 1708 enim
434 1673 502 1708 alis
517 1672 695 1709 festinate
707 1675 824 1720 cupit,
843 1673 997 1710 tantuin
1024 1675 1127 1710 orbis
1142 1675 1314 1722 pondere
1335 1675 1554 1722 impeditur.
1612 1673 1852 1722 Symbolum

316 1728 412 1765 istud
428 1728 582 1764 inlibris
597 1728 673 1764 istis
690 1728 884 1775 frequens,
898 1728 1095 1766 differente
1109 1731 1383 1779 Hicroglypto,
1399 1728 1593 1765 intellectu
1614 1740 1699 1764 non
1711 1727 1850 1764 diffici-

315 1782 365 1819 le.
422 1780 498 1819 Hic
514 1783 662 1820 videtur
676 1783 845 1819 indicare
865 1795 922 1819 res
943 1796 1075 1833 graves
1090 1787 1126 1821 ὃ(
1141 1786 1330 1833 politicas,
1348 1797 1432 1831 quae
1450 1784 1496 1821 ad
1511 1784 1616 1820 orbis
1640 1783 1850 1831 imperium

314 1838 499 1886 speciant,
513 1850 641 1886 neque
654 1836 745 1877 cito,
761 1850 887 1886 neque
899 1838 1004 1876 tarde
1022 1841 1097 1888 geri
1112 1839 1262 1882 debere,
1279 1839 1338 1877 sed
1361 1839 1533 1876 instituto
1547 1837 1651 1887 prius
1665 1837 1847 1881 consilio,

312 1893 423 1939 quod
438 1905 594 1930 moram
611 1894 786 1940 aliquam
801 1893 933 1941 poscit.
992 1896 1050 1931 Eo
1071 1894 1286 1944 praehabito
1308 1923 1318 1938 ‚
1343 1895 1509 1932 celeriter
1542 1893 1651 1941 quod
1685 1892 1849 1930 conclu-

313 1947 398 1984 sum
411 1948 462 1985 est
477 1949 784 1997 expediendum:
807 1949 901 1985 alias
914 1959 1025 1987 mora
1042 1959 1219 1999 peccatur
1230 1952 1267 1987 ὃς
1283 1951 1486 1989 eeleritate.
1540 1950 1659 1985 Mora
1683 1949 1723 1985 in
1734 1948 1849 1984 rebus

312 2004 457 2040 bellicis
471 2001 646 2041 maxime
668 2015 813 2040 nocere
836 2004 966 2053 potest:
1024 2005 1063 2041 Si
1083 2007 1189 2042 enim
1216 2007 1301 2042 Rex
1324 2006 1459 2054 procul
1479 2004 1528 2041 ab
1541 2005 1708 2041 exercitu
1732 2002 1782 2046 fit,
1804 2013 1850 2040 ac

311 2057 472 2096 consilia
487 2059 533 2095 ad
552 2071 643 2096 eum
658 2057 880 2108 priusquam
904 2060 996 2107 quid
1017 2061 1515 2110 geraturdeferridebeant:
1537 2059 1629 2107 saepe
1652 2060 1706 2095 rei
1718 2069 1847 2108 geren-

311 2114 458 2151 daenon
473 2113 601 2152 solum
626 2114 780 2152 occasio
805 2117 1013 2152 amittitur:
1033 2115 1093 2153 sed
1118 2118 1237 2153 etiam
1261 2128 1318 2153 res
1351 2116 1528 2164 perditur.
1584 2115 1672 2151 Hoc
1691 2115 1846 2151 incom-

312 2169 482 2207 modum
504 2180 544 2206 ut
560 2171 738 2207 Romani
763 2171 946 2214 vitarent,
969 2170 1212 2208 Dictator-em
1232 2171 1435 2212 creabant,
1461 2181 1575 2218 penes
1599 2181 1716 2217 quem
1747 2170 1846 2205 surn-

312 2237 379 2261 ma
411 2235 488 2261 erat
522 2225 709 2262 statuendi
731 2227 768 2271 ὃς
799 2226 1017 2274 imperandi
1049 2227 1227 2274 potestas.
1286 2227 1393 2263 Idem
1413 2227 1561 2275 :egrotis
1583 2225 1734 2267 accidit,
1749 2224 1846 2261 dum

309 2280 474 2317 morbus
488 2279 614 2317 sedem
627 2280 720 2330 figit,
746 2281 969 2328 priusquam
996 2282 1168 2319 medicus
1194 2291 1374 2324 vocetur,
1402 2283 1439 2317 &
1465 2281 1558 2327 quid
1582 2280 1778 2329 agendum
1805 2278 1846 2315 fit

314 2335 541 2372 consultum
555 2336 679 2372 fuerit.
739 2337 942 2379 Celeritas„
957 2336 1062 2384 abl'q3
1086 2337 1251 2374 consilio
1266 2338 1303 2373 &
1318 2336 1511 2372 electione
1533 2336 1613 2382 ejus
1625 2335 1734 2383 quod
1748 2335 1845 2382 opti-

311 2403 424 2428 mum
438 2391 675 2433 est,instituta
688 2401 817 2434 nocet,
830 2393 920 2439 quia
937 2404 1063 2440 neque
1075 2394 1285 2440 perpendit,
1300 2403 1427 2439 neque
1441 2400 1632 2439 praecavet,
1643 2402 1727 2438 quae
1739 2401 1843 2426 accc-

310 2447 447 2483 leranti
466 2447 653 2483 obvenire
665 2446 820 2494 possunt
834 2448 1018 2494 pericula.
1078 2447 1199 2484 Reae
1213 2449 1304 2495 itaq3
1321 2446 1398 2483 haec
1411 2445 1623 2494 Principiffa
1661 2444 1694 2481 C
1710 2445 1736 2481 E
1751 2446 1783 2481 L
1797 2444 1845 2480 E·

309 2502 349 2538 R
363 2503 378 2538 1
392 2502 427 2537 Τ
440 2502 477 2537 A
495 2502 528 2537 T
547 2503 571 2537 E
603 2503 631 2539 E
645 2503 680 2538 T
709 2503 751 2538 M
766 2503 803 2537 O
819 2503 855 2538 R
872 2502 923 2544 A,
958 2503 993 2539 id
1010 2503 1060 2539 est
1075 2503 1275 2551 prudentia
1291 2503 1495 2551 negotium
1512 2501 1679 2549 quodvis
1690 2501 1767 2549 geri
1779 2499 1843 2535 de-

311 2558 411 2599 bere,
426 2556 589 2593 testatur.
644 2555 769 2605 Iddue
782 2569 916 2594 verum
930 2558 980 2595 cst
1006 2571 1088 2595 nou
1103 2558 1231 2595 solum
1258 2559 1296 2594 in
1313 2559 1459 2606 ijs‚quae
1483 2559 1566 2593 viro
1578 2555 1732 2593 tantum
1745 2566 1843 2590 con-

310 2613 483 2649 veniunt,
498 2621 539 2648 ut
550 2612 790 2649 declararum
804 2613 867 2655 est,
884 2612 943 2649 sed
958 2615 1028 2650 etia
1037 2627 1074 2650 m
1088 2626 1169 2661 quae
1195 2614 1381 2650 foeminae.
1432 2613 1539 2649 Nam
1562 2611 1608 2648 ad
1623 2612 1691 2647 viri
1704 2610 1842 2646 ferocis

309 2665 469 2704 affeerus
480 2666 964 2716 compcscendos,ejus‹'qne
978 2669 1307 2716 compescendum
1321 2668 1513 2710 animum,
1529 2665 1662 2714 resdue
1673 2677 1842 2701 oecono-

310 2724 431 2758 micas
445 2720 738 2760 rccrbacdextr&
750 2722 770 2758 ὲ
786 2722 953 2759 foemina
966 2725 1253 2773 gubernandas,
1268 2735 1351 2760 non
1372 2723 1504 2759 minus
1528 2721 1649 2772 quam
1672 2722 1713 2757 in
1736 2730 1842 2757 caete-

310 2780 358 2814 ris
373 2778 574 2822 celeritate,
590 2780 626 2816 δε
640 2790 752 2816 mora
774 2790 874 2827 opus
891 2778 953 2815 est.

1560 2823 1838 2912 OMNIA
