1980 3369
340 228 428 281 ,οἳ
590 280 927 333 TRACTA
978 280 1234 333 MAGIS
1281 281 1658 341 EERIUNT.

505 370 724 412 obscurior
734 372 815 410 haee
825 373 973 411 videtur
991 371 1292 423 Hierographia‚
1312 374 1445 412 verum
1468 375 1627 425 elegans
1646 372 1721 413 est3
1769 374 1881 413 Nam

348 428 483 481 figurae
494 428 780 479 explenr,quod
793 428 990 479 Symbolo
1006 427 1132 466 deest:
1152 430 1206 465 ait
1223 430 1330 467 enim
1342 430 1601 481 Symbolum:
1618 430 1738 468 nana
1754 431 1880 480 magis

349 487 512 524 feriunt.
525 483 704 534 (supple‚)
719 482 841 532 quam
852 483 989 529 fracta,
1012 493 1079 521 aut
1100 483 1340 522 decidentia:
1363 485 1490 524 Arcus
1514 488 1623 524 enim
1644 485 1878 535 depingitur,

350 543 463 588 eujus
475 540 594 579 corda
606 549 674 578 aut
686 537 794 577 funis
809 538 968 584 fractus,
981 548 1027 576 ac
1040 536 1333 588 sagittaefractae‚
1350 542 1389 579 ὅ(
1412 541 1632 579 decidentes
1655 550 1856 590 apparent.

349 594 682 646 Hierographiam
705 593 811 632 hanc
823 605 955 633 veram
976 592 1049 632 effe
1061 594 1227 642 quilibet
1255 596 1457 646 intelligia
1487 596 1624 635 verum
1654 607 1739 645 quo
1751 595 1884 633 tendat

353 650 673 696 author,difficile
685 649 864 689 divinatu
874 648 948 690 est÷
961 646 1066 688 forte
1075 649 1254 688 hostium
1265 652 1396 689 minas
1408 662 1494 690 non
1510 651 1633 698 ferire,
1648 661 1690 690 ut
1706 650 1887 703 gladium

353 717 422 746 aut
432 707 557 746 telum
568 704 760 756 intelligit.

651 761 711 810 N
707 779 756 810 on
750 758 922 824 fimper
917 758 1073 824 stria,
1082 761 1305 829 cuicunque
1316 760 1546 811 minabitur
1557 776 1672 809 anus.

506 830 714 882 Propterea
727 832 858 869 minas
873 828 1052 880 levesc'lue
1065 832 1223 877 injurias
1244 831 1497 882 negligendas
1515 843 1561 870 ac
1571 828 1887 869 contemnendas

353 885 447 926 effe:
462 887 721 938 Magnienim
735 886 814 924 hoc
835 884 1040 924 animiess'e
1060 887 1266 931 indicium,
1289 886 1416 937 siquis
1431 887 1480 926 ab
1504 888 1652 937 exiguis
1675 899 1760 925 non
1773 883 1890 924 facile

354 954 675 987 commoveatur,
690 941 750 980 sed
764 951 850 980 tum
864 941 1049 990 primum,
1063 942 1157 980 cum
1170 942 1321 987 honor,
1343 953 1411 980 aut
1430 945 1508 982 vita
1530 942 1779 992 periclitatur,
1805 941 1889 979 hoc

357 999 529 1044 est,cum
540 996 626 1038 vere
644 997 789 1035 feritur.
844 997 972 1045 Hujus
990 999 1128 1041 animi,
1141 997 1207 1036 leo
1226 1010 1301 1048 pra:
1318 1001 1459 1036 caeteris
1471 997 1707 1049 generosum
1719 996 1886 1045 animal,

355 1055 587 1104 exemplum
598 1052 672 1091 est:
698 1051 939 1091 vulneratus
953 1054 1075 1097 enim,
1089 1052 1362 1092 observatione
1375 1055 1475 1093 mira
1490 1051 1747 1104 percussorem
1759 1054 1886 1101 novit,

356 1112 398 1149 ὅ(
411 1111 451 1147 in
465 1109 713 1158 quantalibet
732 1107 987 1146 multitudine
998 1110 1164 1159 appetit:
1188 1110 1289 1147 Eum
1310 1107 1403 1149 vero
1414 1112 1483 1158 qui
1501 1109 1624 1147 telum
1638 1109 1803 1158 quidem
1815 1109 1889 1145 mi·

355 1165 455 1209 serit,
467 1163 528 1205 sed
539 1175 674 1215 tamen
685 1175 772 1203 non
785 1164 1010 1211 vulnerant,
1024 1174 1250 1215 correptum
1271 1164 1527 1216 rotatumdue
1546 1164 1690 1211 sternit,
1711 1174 1785 1202 nec
1806 1163 1889 1203 vul‘

357 1230 483 1260 uerat.

724 1305 974 1357 IACTAE
1033 1306 1515 1361 CRESCIMUS.

509 1399 677 1441 Exhibet
689 1399 753 1438 hie
765 1398 894 1450 Mysta
907 1397 1124 1449 projefflles
1147 1398 1250 1437 ollas
1270 1397 1461 1437 artificiali
1483 1401 1572 1449 igne
1595 1399 1758 1449 repletas
1773 1399 1885 1443 duas,

357 1471 446 1510 quae
458 1459 499 1497 in
511 1457 723 1501 hostes,ant
737 1454 901 1494 obseffas
915 1455 1028 1493 urbes
1041 1454 1092 1493 ad
1105 1455 1287 1493 incendia
1301 1455 1506 1494 excitanda
1519 1457 1775 1504 proijciuntur
1789 1455 1891 1498 :Han

358 1516 453 1565 quia
467 1514 672 1552 flammam
685 1513 723 1550 ὅ(
737 1513 867 1562 ignem
878 1512 1099 1553 continent,
1114 1511 1197 1548 aeis
1211 1510 1335 1559 jactus
1349 1520 1469 1548 vento
1481 1512 1660 1561 agitatus,
1674 1512 1797 1548 autin
1807 1522 1894 1548 ma·

358 1572 499 1610 teriam
518 1567 793 1609 cobustibilem
807 1566 997 1610 incidens,
1020 1563 1135 1604 facile
1147 1564 1340 1609 excrescit,
1354 1564 1452 1604 reste
1465 1566 1664 1616 Symbolo
1677 1567 1895 1616 adaptatur.

360 1628 459 1676 Qo
470 1624 613 1663 author
624 1622 926 1673 Hierographiae‚
941 1622 1041 1672 ignis
1063 1621 1194 1665 instar,
1208 1620 1234 1658 fi
1255 1622 1367 1668 variis
1389 1621 1555 1660 fortunae
1576 1622 1752 1671 procellis
1772 1622 1894 1671 agite·

359 1693 435 1727 tur,
455 1691 522 1720 aut
534 1679 709 1727 jastetur,
721 1676 756 1716 se
769 1680 963 1723 majorem
980 1677 1104 1714 indies
1124 1676 1303 1714 futurum
1317 1676 1542 1715 arbitratur:
1559 1677 1677 1715 Viros
1691 1679 1799 1714 enim
1812 1676 1895 1714 for-

361 1748 418 1776 tes
434 1749 519 1775 non
531 1736 659 1782 deijcit
671 1733 833 1772 fortuna
847 1761 859 1777 ,
881 1732 942 1770 sed
962 1741 1126 1776 exercet,
1148 1742 1190 1770 ut
1213 1733 1280 1769 ubi
1300 1733 1460 1780 iniurias
1483 1733 1672 1782 paulatim
1695 1731 1897 1775 remiserit,

359 1792 544 1836 crescant,
558 1802 604 1829 ac
625 1790 828 1828 malorum
855 1785 1115 1838 perpessorum
1137 1799 1334 1825 memores
1346 1815 1357 1832 ,
1380 1789 1524 1835 majori
1543 1788 1669 1826 studio
1683 1790 1722 1827 ὃ(
1744 1797 1897 1826 conatu

363 1849 401 1888 se
413 1850 553 1887 animo
581 1843 691 1884 fuisse
712 1844 885 1882 infraCto
897 1872 908 1888 ,
920 1843 1141 1887 ostendant,
1165 1841 1402 1893 nullam-&lue
1423 1844 1689 1882 calamitatem
1710 1853 1898 1887 metuere,

361 1917 487 1956 quam
500 1915 587 1941 non
599 1901 693 1939 forti
712 1902 853 1939 animo
865 1899 977 1945 ferre,
993 1902 1032 1938 &
1053 1897 1230 1949 superare
1243 1897 1405 1949 possint.

630 1986 1228 2040 PRAESTANTIOR
1287 1986 1624 2038 ANIMUS.

516 2084 623 2132 Quia
638 2083 843 2132 proprium
855 2079 995 2129 aquila:
1006 2079 1058 2118 est
1072 2077 1206 2117 Solem
1220 2078 1326 2129 posse
1346 2076 1513 2117 innoxie
1526 2077 1723 2128 inspicere,
1741 2085 1895 2126 propte·

364 2150 427 2178 rea
441 2139 573 2188 pullos
584 2138 796 2187 implumes
809 2135 970 2175 subinde
982 2136 1110 2186 cogit(
1123 2145 1165 2172 ut
1177 2136 1308 2183 inquit
1320 2134 1494 2182 Plinius)
1511 2134 1613 2172 Solis
1622 2133 1756 2171 radios
1770 2133 1901 2169 intue-

362 2197 410 2239 ri,
423 2196 462 2233 ὅ(
477 2193 504 2233 fi
515 2196 786 2236 conniventes,
809 2191 1099 2236 animadvertit,
1115 2192 1322 2240 praecipitat
1344 2188 1365 2227 ὲ
1382 2191 1495 2234 nido,
1510 2190 1615 2228 velut
1642 2188 1899 2230 adulterinos.

366 2255 406 2289 δ(
423 2254 645 2300 degeneres.
704 2251 882 2287 Intuetur
903 2248 968 2285 hic
979 2247 1140 2295 quidem
1164 2246 1300 2284 Solem
1323 2245 1476 2295 aquila:
1497 2244 1632 2283 verum
1659 2245 1728 2281 iter
1750 2242 1900 2281 sursum

363 2306 584 2345 institutum
597 2304 797 2353 relinquit,
809 2315 854 2341 ac
864 2301 1044 2341 deorsum
1057 2302 1195 2345 tendit,
1211 2313 1296 2339 non
1317 2301 1430 2350 quod
1453 2302 1555 2339 Solis
1577 2300 1709 2338 radios
1729 2311 1817 2337 non
1842 2297 1901 2334 fc-

363 2372 424 2402 rat
436 2360 550 2405 visus,
566 2360 628 2398 sed
638 2360 748 2409 quod
760 2360 932 2409 corporis
953 2360 1064 2402 vites,
1090 2367 1132 2395 ut
1153 2357 1288 2394 Solem
1314 2367 1430 2406 petat,
1445 2368 1531 2395 non
1557 2354 1764 2395 sufficiant.
1809 2354 1899 2392 Haec

365 2419 565 2467 eleganter
576 2416 703 2454 Heros
718 2416 783 2454 iste
795 2410 991 2466 Symbolo
1004 2413 1077 2451 suo
1099 2413 1435 2451 accommodavit:
1463 2411 1676 2449 Ostendere
1701 2412 1810 2448 enim
1831 2419 1899 2446 vo-

367 2474 451 2516 luit,
480 2472 515 2510 se
529 2472 718 2510 omnibus
738 2472 877 2515 animi,
892 2472 930 2508 ὅ(
951 2470 1126 2519 corporis
1139 2469 1295 2511 viribus,
1319 2468 1367 2506 ad
1382 2479 1438 2506 res
1457 2479 1636 2518 magnas,
1655 2467 1694 2505 ὅ(
1715 2465 1901 2505 sublimes

366 2529 540 2568 tendere:
565 2526 698 2565 verum
713 2527 761 2564 ad
782 2525 1021 2575 propositam
1044 2534 1192 2562 metam
1212 2526 1250 2562 ὅ(
1263 2523 1428 2573 scopum
1449 2524 1645 2573 pervenire
1664 2534 1750 2560 non
1774 2518 1899 2570 poss'e.

366 2586 546 2634 eorporis
560 2595 645 2621 non
660 2583 785 2620 animi
798 2582 1088 2629 defestu,quem
1103 2579 1404 2630 praestantiorem
1424 2581 1462 2618 ὅ(
1477 2578 1707 2616 indefessum
1720 2574 1893 2615 animad-

368 2642 490 2679 vertit.
547 2641 584 2678 Is
598 2638 662 2676 etsi
675 2636 819 2686 absque
832 2649 997 2687 corpore
1007 2636 1109 2674 nihil
1122 2635 1307 2686 praestare,
1322 2647 1367 2673 ac
1379 2647 1520 2686 eorpus
1533 2633 1582 2673 ad
1602 2643 1747 2672 nutum
1772 2640 1900 2682 tegete

368 2709 455 2736 non
471 2692 600 2747 possit,
620 2704 753 2732 tamen
766 2692 927 2731 subinde
947 2696 1028 2740 ejus
1043 2694 1137 2731 vires
1150 2701 1285 2740 augett

585 2750 757 2801 Omnia
777 2748 986 2814 deficiunt,
997 2750 1116 2796 anim
1122 2765 1170 2795 us
1182 2761 1328 2795 tamen
1338 2747 1482 2795 omnia
1494 2745 1629 2794 vincit
1638 2778 1654 2803 ,

654 2821 740 2872 Ille
759 2822 895 2870 etiam
914 2820 1040 2867 vires
1061 2831 1197 2884 corpus
1225 2816 1373 2868 habere
1384 2817 1516 2882 facit.
1800 2880 1839 2919 N

1844 2891 1903 2917 ΟΒ
