<?xml version="1.0" encoding="UTF-8"?>
<!DOCTYPE html PUBLIC "-//W3C//DTD XHTML 1.0 Transitional//EN"
    "http://www.w3.org/TR/xhtml1/DTD/xhtml1-transitional.dtd">
<html xmlns="http://www.w3.org/1999/xhtml" xml:lang="en" lang="en">
 <head>
  <title>
</title>
<meta http-equiv="Content-Type" content="text/html;charset=utf-8" />
  <meta name='ocr-system' content='tesseract 3.04.00' />
  <meta name='ocr-capabilities' content='ocr_page ocr_carea ocr_par ocr_line ocrx_word'/>
</head>
<body>
  <div class='ocr_page' id='page_1' title='image "./symboladiuinahum13typo_0431.png"; bbox 0 0 1980 3369; ppageno 0'>
   <div class='ocr_carea' id='block_1_1' title="bbox 78 219 1629 367">
    <p class='ocr_par' dir='ltr' id='par_1_1' title="bbox 78 219 1629 367">
     <span class='ocr_line' id='line_1_1' title="bbox 78 219 1629 326; baseline 0.002 -15"><span class='ocrx_word' id='word_1_1' title='bbox 78 275 230 323; x_wconf 64' lang='lat' dir='ltr'>impius</span> <span class='ocrx_word' id='word_1_2' title='bbox 249 302 258 318; x_wconf 92' lang='lat'><em>‚</em></span> <span class='ocrx_word' id='word_1_3' title='bbox 282 275 352 322; x_wconf 84' lang='lat' dir='ltr'>qui</span> <span class='ocrx_word' id='word_1_4' title='bbox 372 272 517 312; x_wconf 89' lang='lat' dir='ltr'>nesciat</span> <span class='ocrx_word' id='word_1_5' title='bbox 534 273 680 310; x_wconf 83' lang='lat' dir='ltr'>omnia</span> <span class='ocrx_word' id='word_1_6' title='bbox 723 271 800 311; x_wconf 86' lang='lat' dir='ltr'>Dei</span> <span class='ocrx_word' id='word_1_7' title='bbox 836 283 936 312; x_wconf 87' lang='lat' dir='ltr'>nutu</span> <span class='ocrx_word' id='word_1_8' title='bbox 951 276 1030 326; x_wconf 83' lang='lat' dir='ltr'>regi</span> <span class='ocrx_word' id='word_1_9' title='bbox 1044 303 1054 320; x_wconf 94' lang='lat'>‚</span> <span class='ocrx_word' id='word_1_10' title='bbox 1069 287 1115 313; x_wconf 86' lang='lat' dir='ltr'>ac</span> <span class='ocrx_word' id='word_1_11' title='bbox 1129 287 1213 313; x_wconf 90' lang='lat' dir='ltr'>non</span> <span class='ocrx_word' id='word_1_12' title='bbox 1239 273 1329 315; x_wconf 87' lang='lat' dir='ltr'>velit</span> <span class='ocrx_word' id='word_1_13' title='bbox 1348 272 1369 310; x_wconf 70' lang='grc' dir='ltr'>ὲ</span> <span class='ocrx_word' id='word_1_14' title='bbox 1384 273 1477 311; x_wconf 83' lang='lat' dir='ltr'>Deo</span> <span class='ocrx_word' id='word_1_15' title='bbox 1499 219 1629 312; x_wconf 50' lang='lat' dir='ltr'>regib</span> 
     </span>
     <span class='ocr_line' id='line_1_2' title="bbox 87 326 776 367; baseline -0.001 -1"><span class='ocrx_word' id='word_1_16' title='bbox 87 328 244 367; x_wconf 88' lang='lat' dir='ltr'>suarum</span> <span class='ocrx_word' id='word_1_17' title='bbox 268 329 444 367; x_wconf 88' lang='lat' dir='ltr'>foelicem</span> <span class='ocrx_word' id='word_1_18' title='bbox 458 326 668 366; x_wconf 81' lang='lat' dir='ltr'>successum</span> <span class='ocrx_word' id='word_1_19' title='bbox 680 327 776 365; x_wconf 75' lang='lat' dir='ltr'>dari,</span> 
     </span>
    </p>
   </div>
   <div class='ocr_carea' id='block_1_2' title="bbox 157 415 1551 481">
    <p class='ocr_par' dir='ltr' id='par_1_2' title="bbox 157 415 1551 481">
     <span class='ocr_line' id='line_1_3' title="bbox 157 415 1551 481; baseline -0.001 -14"><span class='ocrx_word' id='word_1_20' title='bbox 157 417 494 481; x_wconf 87' lang='lat' dir='ltr'>SPOLIAT</span> <span class='ocrx_word' id='word_1_21' title='bbox 546 416 773 466; x_wconf 87' lang='lat' dir='ltr'>MORS</span> <span class='ocrx_word' id='word_1_22' title='bbox 819 416 1165 468; x_wconf 88' lang='lat' dir='ltr'>MUNERA</span> <span class='ocrx_word' id='word_1_23' title='bbox 1212 415 1551 468; x_wconf 87' lang='lat' dir='ltr'><strong>NOSTRA.</strong></span> 
     </span>
    </p>
   </div>
   <div class='ocr_carea' id='block_1_3' title="bbox 68 491 1627 1543">
    <p class='ocr_par' dir='ltr' id='par_1_3' title="bbox 68 491 1627 1543">
     <span class='ocr_line' id='line_1_4' title="bbox 235 491 1627 545; baseline -0.001 -14"><span class='ocrx_word' id='word_1_24' title='bbox 235 493 369 531; x_wconf 85' lang='lat' dir='ltr'>Arbor</span> <span class='ocrx_word' id='word_1_25' title='bbox 390 491 457 545; x_wconf 79' lang='lat' dir='ltr'>hic</span> <span class='ocrx_word' id='word_1_26' title='bbox 479 491 691 530; x_wconf 85' lang='lat' dir='ltr'>ostenditur</span> <span class='ocrx_word' id='word_1_27' title='bbox 713 492 898 542; x_wconf 83' lang='lat' dir='ltr'>frugifera</span> <span class='ocrx_word' id='word_1_28' title='bbox 914 521 924 535; x_wconf 92' lang='lat'><strong>‚</strong></span> <span class='ocrx_word' id='word_1_29' title='bbox 947 505 1070 541; x_wconf 82' lang='lat' dir='ltr'>quam</span> <span class='ocrx_word' id='word_1_30' title='bbox 1094 493 1274 530; x_wconf 84' lang='lat' dir='ltr'>fulminis</span> <span class='ocrx_word' id='word_1_31' title='bbox 1297 494 1420 531; x_wconf 88' lang='lat' dir='ltr'>telum</span> <span class='ocrx_word' id='word_1_32' title='bbox 1441 491 1627 536; x_wconf 70' lang='lat' dir='ltr'>diffindit,</span> 
     </span>
     <span class='ocr_line' id='line_1_5' title="bbox 74 547 1627 600; baseline 0 -14"><span class='ocrx_word' id='word_1_33' title='bbox 74 549 122 586; x_wconf 70' lang='grc' dir='ltr'>’ὅτ</span> <span class='ocrx_word' id='word_1_34' title='bbox 155 559 304 586; x_wconf 78' lang='lat' dir='ltr'>enecat.</span> <span class='ocrx_word' id='word_1_35' title='bbox 381 548 452 586; x_wconf 87' lang='lat' dir='ltr'>Ait</span> <span class='ocrx_word' id='word_1_36' title='bbox 474 548 734 600; x_wconf 82' lang='lat' dir='ltr'>Symbolum:</span> <span class='ocrx_word' id='word_1_37' title='bbox 773 548 889 585; x_wconf 87' lang='lat' dir='ltr'>SPO</span> <span class='ocrx_word' id='word_1_38' title='bbox 907 549 936 585; x_wconf 90' lang='lat' dir='ltr'>L</span> <span class='ocrx_word' id='word_1_39' title='bbox 954 548 1070 585; x_wconf 90' lang='lat' dir='ltr'>IAT</span> <span class='ocrx_word' id='word_1_40' title='bbox 1105 549 1148 586; x_wconf 80' lang='lat' dir='ltr'>M</span> <span class='ocrx_word' id='word_1_41' title='bbox 1165 549 1202 597; x_wconf 90' lang='lat' dir='ltr'>O</span> <span class='ocrx_word' id='word_1_42' title='bbox 1220 550 1254 585; x_wconf 82' lang='lat' dir='ltr'>R</span> <span class='ocrx_word' id='word_1_43' title='bbox 1270 549 1294 586; x_wconf 90' lang='lat' dir='ltr'>S</span> <span class='ocrx_word' id='word_1_44' title='bbox 1333 549 1570 587; x_wconf 88' lang='lat' dir='ltr'>MVNER</span> <span class='ocrx_word' id='word_1_45' title='bbox 1587 547 1627 586; x_wconf 84' lang='lat' dir='ltr'><strong>A</strong></span> 
     </span>
     <span class='ocr_line' id='line_1_6' title="bbox 82 601 1626 653; baseline -0.001 -11"><span class='ocrx_word' id='word_1_46' title='bbox 82 604 122 643; x_wconf 89' lang='lat' dir='ltr'>N</span> <span class='ocrx_word' id='word_1_47' title='bbox 137 604 175 640; x_wconf 95' lang='lat' dir='ltr'>O</span> <span class='ocrx_word' id='word_1_48' title='bbox 188 603 212 640; x_wconf 90' lang='lat' dir='ltr'>S</span> <span class='ocrx_word' id='word_1_49' title='bbox 225 605 260 641; x_wconf 87' lang='lat' dir='ltr'>T</span> <span class='ocrx_word' id='word_1_50' title='bbox 275 605 312 641; x_wconf 83' lang='lat' dir='ltr'>R</span> <span class='ocrx_word' id='word_1_51' title='bbox 327 603 378 641; x_wconf 88' lang='lat' dir='ltr'>A.</span> <span class='ocrx_word' id='word_1_52' title='bbox 412 601 574 653; x_wconf 73' lang='lat' dir='ltr'>Mystice</span> <span class='ocrx_word' id='word_1_53' title='bbox 588 603 666 640; x_wconf 76' lang='lat' dir='ltr'>haec</span> <span class='ocrx_word' id='word_1_54' title='bbox 677 603 914 653; x_wconf 75' lang='lat' dir='ltr'>hominibus</span> <span class='ocrx_word' id='word_1_55' title='bbox 926 604 1294 641; x_wconf 67' lang='lat' dir='ltr'>accommodantur:</span> <span class='ocrx_word' id='word_1_56' title='bbox 1354 605 1409 641; x_wconf 82' lang='lat' dir='ltr'>Vt</span> <span class='ocrx_word' id='word_1_57' title='bbox 1421 605 1528 642; x_wconf 89' lang='lat' dir='ltr'>enim</span> <span class='ocrx_word' id='word_1_58' title='bbox 1550 603 1626 641; x_wconf 87' lang='lat' dir='ltr'>ful·</span> 
     </span>
     <span class='ocr_line' id='line_1_7' title="bbox 81 658 1627 709; baseline 0 -13"><span class='ocrx_word' id='word_1_59' title='bbox 81 670 176 696; x_wconf 89' lang='lat' dir='ltr'>men</span> <span class='ocrx_word' id='word_1_60' title='bbox 189 658 397 697; x_wconf 88' lang='lat' dir='ltr'>storentem</span> <span class='ocrx_word' id='word_1_61' title='bbox 419 659 595 696; x_wconf 83' lang='lat' dir='ltr'>arborem</span> <span class='ocrx_word' id='word_1_62' title='bbox 621 659 714 707; x_wconf 85' lang='lat' dir='ltr'>saepe</span> <span class='ocrx_word' id='word_1_63' title='bbox 734 661 872 702; x_wconf 87' lang='lat' dir='ltr'>exurit,</span> <span class='ocrx_word' id='word_1_64' title='bbox 894 671 939 696; x_wconf 87' lang='lat' dir='ltr'>ac</span> <span class='ocrx_word' id='word_1_65' title='bbox 953 672 1003 696; x_wconf 87' lang='lat' dir='ltr'>ne</span> <span class='ocrx_word' id='word_1_66' title='bbox 1016 659 1164 696; x_wconf 70' lang='lat' dir='ltr'>frustus</span> <span class='ocrx_word' id='word_1_67' title='bbox 1179 659 1269 709; x_wconf 87' lang='lat' dir='ltr'>suos</span> <span class='ocrx_word' id='word_1_68' title='bbox 1293 659 1435 698; x_wconf 84' lang='lat' dir='ltr'>statuto</span> <span class='ocrx_word' id='word_1_69' title='bbox 1449 660 1470 697; x_wconf 73' lang='grc' dir='ltr'>ὲ</span> <span class='ocrx_word' id='word_1_70' title='bbox 1484 668 1627 696; x_wconf 78' lang='lat' dir='ltr'>natura</span> 
     </span>
     <span class='ocr_line' id='line_1_8' title="bbox 79 713 1626 765; baseline 0.001 -14"><span class='ocrx_word' id='word_1_71' title='bbox 79 725 256 763; x_wconf 80' lang='lat' dir='ltr'>tempore</span> <span class='ocrx_word' id='word_1_72' title='bbox 277 714 461 753; x_wconf 84' lang='lat' dir='ltr'>exhibere</span> <span class='ocrx_word' id='word_1_73' title='bbox 485 714 616 763; x_wconf 81' lang='lat' dir='ltr'>possit,</span> <span class='ocrx_word' id='word_1_74' title='bbox 637 714 752 751; x_wconf 66' lang='lat' dir='ltr'>facit:</span> <span class='ocrx_word' id='word_1_75' title='bbox 773 716 823 751; x_wconf 73' lang='lat' dir='ltr'>ita</span> <span class='ocrx_word' id='word_1_76' title='bbox 837 716 953 752; x_wconf 80' lang='lat' dir='ltr'>etiam</span> <span class='ocrx_word' id='word_1_77' title='bbox 971 727 1092 758; x_wconf 88' lang='lat' dir='ltr'>mors,</span> <span class='ocrx_word' id='word_1_78' title='bbox 1110 714 1272 758; x_wconf 74' lang='lat' dir='ltr'>excelsa,</span> <span class='ocrx_word' id='word_1_79' title='bbox 1290 713 1486 765; x_wconf 72' lang='lat' dir='ltr'>bonaec‘lue</span> <span class='ocrx_word' id='word_1_80' title='bbox 1505 715 1626 764; x_wconf 81' lang='lat' dir='ltr'>frugis</span> 
     </span>
     <span class='ocr_line' id='line_1_9' title="bbox 78 768 1626 820; baseline 0 -12"><span class='ocrx_word' id='word_1_81' title='bbox 78 771 238 820; x_wconf 79' lang='lat' dir='ltr'>ingenia</span> <span class='ocrx_word' id='word_1_82' title='bbox 252 771 470 819; x_wconf 78' lang='lat' dir='ltr'>plerunque</span> <span class='ocrx_word' id='word_1_83' title='bbox 482 768 705 813; x_wconf 64' lang='lat' dir='ltr'>immature,</span> <span class='ocrx_word' id='word_1_84' title='bbox 720 782 769 806; x_wconf 88' lang='lat' dir='ltr'>ne</span> <span class='ocrx_word' id='word_1_85' title='bbox 789 769 938 807; x_wconf 66' lang='lat' dir='ltr'>frustus</span> <span class='ocrx_word' id='word_1_86' title='bbox 954 772 990 807; x_wconf 75' lang='grc' dir='ltr'>ὃ(</span> <span class='ocrx_word' id='word_1_87' title='bbox 1004 782 1184 813; x_wconf 72' lang='lat' dir='ltr'>munera,</span> <span class='ocrx_word' id='word_1_88' title='bbox 1198 783 1282 818; x_wconf 82' lang='lat' dir='ltr'>quae</span> <span class='ocrx_word' id='word_1_89' title='bbox 1305 769 1325 806; x_wconf 65' lang='lat'>31</span> <span class='ocrx_word' id='word_1_90' title='bbox 1341 773 1507 808; x_wconf 86' lang='lat' dir='ltr'>numine</span> <span class='ocrx_word' id='word_1_91' title='bbox 1520 770 1626 808; x_wconf 83' lang='lat' dir='ltr'>obti-</span> 
     </span>
     <span class='ocr_line' id='line_1_10' title="bbox 78 824 1625 874; baseline 0 -12"><span class='ocrx_word' id='word_1_92' title='bbox 78 825 444 868; x_wconf 78' lang='lat' dir='ltr'>nuersit,n0biscum</span> <span class='ocrx_word' id='word_1_93' title='bbox 458 824 622 863; x_wconf 75' lang='lat' dir='ltr'>vicissim</span> <span class='ocrx_word' id='word_1_94' title='bbox 637 826 923 862; x_wconf 73' lang='lat' dir='ltr'>communicari</span> <span class='ocrx_word' id='word_1_95' title='bbox 940 825 1102 874; x_wconf 81' lang='lat' dir='ltr'>possint,</span> <span class='ocrx_word' id='word_1_96' title='bbox 1118 826 1214 862; x_wconf 85' lang='lat' dir='ltr'>ferit.</span> <span class='ocrx_word' id='word_1_97' title='bbox 1243 827 1283 862; x_wconf 88' lang='lat' dir='ltr'>ld</span> <span class='ocrx_word' id='word_1_98' title='bbox 1299 824 1399 863; x_wconf 75' lang='lat' dir='ltr'>certe</span> <span class='ocrx_word' id='word_1_99' title='bbox 1412 828 1496 864; x_wconf 84' lang='lat' dir='ltr'>viro</span> <span class='ocrx_word' id='word_1_100' title='bbox 1508 827 1625 863; x_wconf 84' lang='lat' dir='ltr'>omni</span> 
     </span>
     <span class='ocr_line' id='line_1_11' title="bbox 79 879 1622 931; baseline -0.001 -12"><span class='ocrx_word' id='word_1_101' title='bbox 79 879 369 919; x_wconf 76' lang='lat' dir='ltr'>humaniorum</span> <span class='ocrx_word' id='word_1_102' title='bbox 405 882 599 918; x_wconf 69' lang='lat' dir='ltr'>literarum</span> <span class='ocrx_word' id='word_1_103' title='bbox 623 893 763 930; x_wconf 75' lang='lat' dir='ltr'>genere</span> <span class='ocrx_word' id='word_1_104' title='bbox 788 880 1463 930; x_wconf 78' lang='lat' dir='ltr'>cultissimo,·D.1acoboTypori0</span> <span class='ocrx_word' id='word_1_105' title='bbox 1484 881 1622 931; x_wconf 76' lang='lat' dir='ltr'>Belgae,</span> 
     </span>
     <span class='ocr_line' id='line_1_12' title="bbox 74 934 1626 988; baseline -0.001 -14"><span class='ocrx_word' id='word_1_106' title='bbox 74 937 283 985; x_wconf 74' lang='lat' dir='ltr'>quondam</span> <span class='ocrx_word' id='word_1_107' title='bbox 297 937 414 988; x_wconf 74' lang='lat' dir='ltr'>Regis</span> <span class='ocrx_word' id='word_1_108' title='bbox 426 938 565 974; x_wconf 72' lang='lat' dir='ltr'>Svcciae</span> <span class='ocrx_word' id='word_1_109' title='bbox 581 935 819 973; x_wconf 78' lang='lat' dir='ltr'>Consiliario</span> <span class='ocrx_word' id='word_1_110' title='bbox 834 934 1235 985; x_wconf 67' lang='lat' dir='ltr'>intimo‚Cae1111-is&lt;&#39;3ue</span> <span class='ocrx_word' id='word_1_111' title='bbox 1249 937 1459 986; x_wconf 85' lang='lat' dir='ltr'>Rudolphi</span> <span class='ocrx_word' id='word_1_112' title='bbox 1478 937 1626 973; x_wconf 89' lang='lat' dir='ltr'>Secun-</span> 
     </span>
     <span class='ocr_line' id='line_1_13' title="bbox 73 991 1624 1043; baseline -0.002 -12"><span class='ocrx_word' id='word_1_113' title='bbox 73 992 115 1031; x_wconf 86' lang='lat' dir='ltr'>di</span> <span class='ocrx_word' id='word_1_114' title='bbox 140 991 348 1037; x_wconf 85' lang='lat' dir='ltr'>Historico,</span> <span class='ocrx_word' id='word_1_115' title='bbox 364 994 432 1042; x_wconf 84' lang='lat' dir='ltr'>qui</span> <span class='ocrx_word' id='word_1_116' title='bbox 447 992 734 1042; x_wconf 83' lang='lat' dir='ltr'>Symbolorum</span> <span class='ocrx_word' id='word_1_117' title='bbox 750 993 877 1041; x_wconf 68' lang='lat' dir='ltr'>priora</span> <span class='ocrx_word' id='word_1_118' title='bbox 890 992 971 1029; x_wconf 87' lang='lat' dir='ltr'>duo</span> <span class='ocrx_word' id='word_1_119' title='bbox 986 993 1195 1030; x_wconf 81' lang='lat' dir='ltr'>volumina</span> <span class='ocrx_word' id='word_1_120' title='bbox 1210 991 1274 1029; x_wconf 87' lang='lat' dir='ltr'>sua</span> <span class='ocrx_word' id='word_1_121' title='bbox 1289 993 1446 1043; x_wconf 76' lang='lat' dir='ltr'>isagoge</span> <span class='ocrx_word' id='word_1_122' title='bbox 1459 992 1624 1030; x_wconf 86' lang='lat' dir='ltr'>illustra-</span> 
     </span>
     <span class='ocr_line' id='line_1_14' title="bbox 72 1047 1626 1098; baseline 0 -12"><span class='ocrx_word' id='word_1_123' title='bbox 72 1050 143 1092; x_wconf 78' lang='lat' dir='ltr'>·vit,</span> <span class='ocrx_word' id='word_1_124' title='bbox 158 1049 325 1097; x_wconf 72' lang='lat' dir='ltr'>contigit</span> <span class='ocrx_word' id='word_1_125' title='bbox 342 1062 349 1084; x_wconf 92' lang='lat'><strong>:</strong></span> <span class='ocrx_word' id='word_1_126' title='bbox 407 1049 523 1085; x_wconf 84' lang='lat' dir='ltr'>Hunc</span> <span class='ocrx_word' id='word_1_127' title='bbox 535 1050 643 1084; x_wconf 88' lang='lat' dir='ltr'>enim</span> <span class='ocrx_word' id='word_1_128' title='bbox 657 1059 762 1084; x_wconf 88' lang='lat' dir='ltr'>mors</span> <span class='ocrx_word' id='word_1_129' title='bbox 777 1048 1035 1096; x_wconf 77' lang='lat' dir='ltr'>praecox,tabe</span> <span class='ocrx_word' id='word_1_130' title='bbox 1048 1047 1626 1098; x_wconf 84' lang='lat' dir='ltr'>consumptum‚amicis‚bene·</span> 
     </span>
     <span class='ocr_line' id='line_1_15' title="bbox 71 1101 1626 1153; baseline 0 -12"><span class='ocrx_word' id='word_1_131' title='bbox 71 1101 220 1153; x_wconf 61' lang='lat' dir='ltr'>ducilli</span> <span class='ocrx_word' id='word_1_132' title='bbox 246 1103 483 1147; x_wconf 65' lang='lat' dir='ltr'>volentibus,</span> <span class='ocrx_word' id='word_1_133' title='bbox 500 1113 590 1140; x_wconf 82' lang='lat' dir='ltr'>ante</span> <span class='ocrx_word' id='word_1_134' title='bbox 604 1113 820 1140; x_wconf 80' lang='lat' dir='ltr'>extremum</span> <span class='ocrx_word' id='word_1_135' title='bbox 836 1102 984 1140; x_wconf 88' lang='lat' dir='ltr'>senium</span> <span class='ocrx_word' id='word_1_136' title='bbox 1009 1103 1177 1141; x_wconf 87' lang='lat' dir='ltr'>abstulit.</span> <span class='ocrx_word' id='word_1_137' title='bbox 1235 1104 1385 1141; x_wconf 81' lang='lat' dir='ltr'>Habuit</span> <span class='ocrx_word' id='word_1_138' title='bbox 1405 1106 1462 1141; x_wconf 88' lang='lat' dir='ltr'>vir</span> <span class='ocrx_word' id='word_1_139' title='bbox 1481 1103 1546 1141; x_wconf 89' lang='lat' dir='ltr'>ille</span> <span class='ocrx_word' id='word_1_140' title='bbox 1562 1104 1626 1142; x_wconf 78' lang='lat' dir='ltr'>in·</span> 
     </span>
     <span class='ocr_line' id='line_1_16' title="bbox 72 1147 1622 1209; baseline 0 -13"><span class='ocrx_word' id='word_1_141' title='bbox 72 1159 204 1209; x_wconf 77' lang='lat' dir='ltr'>signis,</span> <span class='ocrx_word' id='word_1_142' title='bbox 220 1147 457 1196; x_wconf 63' lang='lat' dir='ltr'>cancclsariae</span> <span class='ocrx_word' id='word_1_143' title='bbox 469 1159 623 1206; x_wconf 75' lang='lat' dir='ltr'>aliquot</span> <span class='ocrx_word' id='word_1_144' title='bbox 640 1159 848 1197; x_wconf 71' lang='lat' dir='ltr'>volumina</span> <span class='ocrx_word' id='word_1_145' title='bbox 875 1171 950 1207; x_wconf 84' lang='lat' dir='ltr'>prae</span> <span class='ocrx_word' id='word_1_146' title='bbox 970 1159 1169 1204; x_wconf 80' lang='lat' dir='ltr'>manibus,</span> <span class='ocrx_word' id='word_1_147' title='bbox 1186 1161 1223 1196; x_wconf 86' lang='lat'>&amp;</span> <span class='ocrx_word' id='word_1_148' title='bbox 1238 1160 1417 1207; x_wconf 83' lang='lat' dir='ltr'>quaedam</span> <span class='ocrx_word' id='word_1_149' title='bbox 1430 1160 1598 1197; x_wconf 86' lang='lat' dir='ltr'>absolvit</span> <span class='ocrx_word' id='word_1_150' title='bbox 1610 1187 1622 1205; x_wconf 87' lang='lat'>,</span> 
     </span>
     <span class='ocr_line' id='line_1_17' title="bbox 71 1213 1622 1264; baseline -0.001 -12"><span class='ocrx_word' id='word_1_151' title='bbox 71 1216 218 1263; x_wconf 80' lang='lat' dir='ltr'>,quibus</span> <span class='ocrx_word' id='word_1_152' title='bbox 244 1227 330 1252; x_wconf 83' lang='lat' dir='ltr'>non</span> <span class='ocrx_word' id='word_1_153' title='bbox 347 1214 473 1252; x_wconf 77' lang='lat' dir='ltr'>solum</span> <span class='ocrx_word' id='word_1_154' title='bbox 501 1216 719 1263; x_wconf 80' lang='lat' dir='ltr'>principum</span> <span class='ocrx_word' id='word_1_155' title='bbox 744 1213 1034 1264; x_wconf 74' lang='lat' dir='ltr'>suiaevistatum</span> <span class='ocrx_word' id='word_1_156' title='bbox 1058 1214 1156 1252; x_wconf 75' lang='lat' dir='ltr'>fiCtis</span> <span class='ocrx_word' id='word_1_157' title='bbox 1171 1215 1403 1252; x_wconf 83' lang='lat' dir='ltr'>nominibus</span> <span class='ocrx_word' id='word_1_158' title='bbox 1417 1214 1622 1264; x_wconf 83' lang='lat' dir='ltr'>descripsit,</span> 
     </span>
     <span class='ocr_line' id='line_1_18' title="bbox 72 1269 1623 1321; baseline 0 -14"><span class='ocrx_word' id='word_1_159' title='bbox 72 1269 265 1307; x_wconf 79' lang='lat' dir='ltr'>sedetiam</span> <span class='ocrx_word' id='word_1_160' title='bbox 280 1270 472 1307; x_wconf 60' lang='lat' dir='ltr'>formulas</span> <span class='ocrx_word' id='word_1_161' title='bbox 489 1271 698 1314; x_wconf 80' lang='lat' dir='ltr'>literarum,</span> <span class='ocrx_word' id='word_1_162' title='bbox 714 1270 1009 1313; x_wconf 74' lang='lat' dir='ltr'>mandatorum,</span> <span class='ocrx_word' id='word_1_163' title='bbox 1034 1270 1309 1308; x_wconf 77' lang='lat' dir='ltr'>&amp;libellorum</span> <span class='ocrx_word' id='word_1_164' title='bbox 1322 1298 1332 1314; x_wconf 91' lang='lat'>,</span> <span class='ocrx_word' id='word_1_165' title='bbox 1360 1272 1428 1318; x_wconf 89' lang='lat' dir='ltr'>qui</span> <span class='ocrx_word' id='word_1_166' title='bbox 1449 1270 1469 1307; x_wconf 73' lang='grc' dir='ltr'>ὲ</span> <span class='ocrx_word' id='word_1_167' title='bbox 1485 1272 1623 1321; x_wconf 88' lang='lat' dir='ltr'>princi-</span> 
     </span>
     <span class='ocr_line' id='line_1_19' title="bbox 71 1325 1623 1378; baseline 0.001 -16"><span class='ocrx_word' id='word_1_168' title='bbox 71 1326 188 1375; x_wconf 79' lang='lat' dir='ltr'>pibus</span> <span class='ocrx_word' id='word_1_169' title='bbox 211 1326 273 1364; x_wconf 87' lang='lat' dir='ltr'>vel</span> <span class='ocrx_word' id='word_1_170' title='bbox 294 1326 502 1378; x_wconf 74' lang='lat' dir='ltr'>rebuspub.</span> <span class='ocrx_word' id='word_1_171' title='bbox 530 1327 700 1377; x_wconf 85' lang='lat' dir='ltr'>expediri</span> <span class='ocrx_word' id='word_1_172' title='bbox 724 1325 861 1363; x_wconf 78' lang='lat' dir='ltr'>solent.</span> <span class='ocrx_word' id='word_1_173' title='bbox 918 1326 1107 1363; x_wconf 77' lang='lat' dir='ltr'>Po&#39;e&#39;mata</span> <span class='ocrx_word' id='word_1_174' title='bbox 1132 1328 1170 1364; x_wconf 75' lang='grc' dir='ltr'>δε</span> <span class='ocrx_word' id='word_1_175' title='bbox 1194 1327 1476 1376; x_wconf 75' lang='lat' dir='ltr'>epigrammata</span> <span class='ocrx_word' id='word_1_176' title='bbox 1502 1328 1623 1364; x_wconf 77' lang='lat' dir='ltr'>etiam</span> 
     </span>
     <span class='ocr_line' id='line_1_20' title="bbox 70 1380 1621 1432; baseline 0.001 -14"><span class='ocrx_word' id='word_1_177' title='bbox 70 1382 270 1419; x_wconf 72' lang='lat' dir='ltr'>nonnulla</span> <span class='ocrx_word' id='word_1_178' title='bbox 288 1381 522 1431; x_wconf 76' lang='lat' dir='ltr'>conscripsit.</span> <span class='ocrx_word' id='word_1_179' title='bbox 579 1381 641 1419; x_wconf 91' lang='lat' dir='ltr'>Ac</span> <span class='ocrx_word' id='word_1_180' title='bbox 664 1381 842 1418; x_wconf 84' lang='lat' dir='ltr'>libellum</span> <span class='ocrx_word' id='word_1_181' title='bbox 862 1380 909 1418; x_wconf 76' lang='lat' dir='ltr'>de</span> <span class='ocrx_word' id='word_1_182' title='bbox 930 1392 1010 1418; x_wconf 76' lang='lat' dir='ltr'>arte</span> <span class='ocrx_word' id='word_1_183' title='bbox 1029 1383 1322 1431; x_wconf 75' lang='lat' dir='ltr'>Hier-ographiae</span> <span class='ocrx_word' id='word_1_184' title='bbox 1337 1409 1346 1426; x_wconf 94' lang='lat'>,</span> <span class='ocrx_word' id='word_1_185' title='bbox 1377 1394 1496 1430; x_wconf 89' lang='lat' dir='ltr'>quem</span> <span class='ocrx_word' id='word_1_186' title='bbox 1511 1382 1621 1432; x_wconf 85' lang='lat' dir='ltr'>spero</span> 
     </span>
     <span class='ocr_line' id='line_1_21' title="bbox 69 1436 1621 1488; baseline 0.001 -15"><span class='ocrx_word' id='word_1_187' title='bbox 69 1437 232 1475; x_wconf 85' lang='lat' dir='ltr'>tandem</span> <span class='ocrx_word' id='word_1_188' title='bbox 256 1439 297 1475; x_wconf 92' lang='lat' dir='ltr'>in</span> <span class='ocrx_word' id='word_1_189' title='bbox 322 1438 450 1474; x_wconf 88' lang='lat' dir='ltr'>lucem</span> <span class='ocrx_word' id='word_1_190' title='bbox 474 1438 742 1486; x_wconf 87' lang='lat' dir='ltr'>proditurum,</span> <span class='ocrx_word' id='word_1_191' title='bbox 766 1449 824 1481; x_wconf 86' lang='lat' dir='ltr'>ac,</span> <span class='ocrx_word' id='word_1_192' title='bbox 836 1436 984 1474; x_wconf 73' lang='lat' dir='ltr'>etiamsi</span> <span class='ocrx_word' id='word_1_193' title='bbox 1003 1449 1112 1475; x_wconf 87' lang='lat' dir='ltr'>mors</span> <span class='ocrx_word' id='word_1_194' title='bbox 1125 1437 1291 1477; x_wconf 70' lang='lat' dir='ltr'>Dostiss.</span> <span class='ocrx_word' id='word_1_195' title='bbox 1310 1439 1621 1488; x_wconf 85' lang='lat' dir='ltr'>Typotiumvita</span> 
     </span>
     <span class='ocr_line' id='line_1_22' title="bbox 68 1491 955 1543; baseline -0.001 -13"><span class='ocrx_word' id='word_1_196' title='bbox 68 1491 252 1543; x_wconf 59' lang='lat' dir='ltr'>¹spolifirit:</span> <span class='ocrx_word' id='word_1_197' title='bbox 273 1504 439 1531; x_wconf 88' lang='lat' dir='ltr'>munera</span> <span class='ocrx_word' id='word_1_198' title='bbox 453 1504 586 1531; x_wconf 79' lang='lat' dir='ltr'>tamen</span> <span class='ocrx_word' id='word_1_199' title='bbox 598 1494 700 1531; x_wconf 87' lang='lat' dir='ltr'>illius</span> <span class='ocrx_word' id='word_1_200' title='bbox 715 1493 843 1530; x_wconf 76' lang='lat' dir='ltr'>nostra</span> <span class='ocrx_word' id='word_1_201' title='bbox 855 1492 955 1530; x_wconf 88' lang='lat' dir='ltr'>fore.</span> 
     </span>
    </p>
   </div>
   <div class='ocr_carea' id='block_1_4' title="bbox 393 1600 1292 1704">
    <p class='ocr_par' dir='ltr' id='par_1_4' title="bbox 393 1600 1292 1704">
     <span class='ocr_line' id='line_1_23' title="bbox 393 1600 1292 1704; baseline -0.004 -2"><span class='ocrx_word' id='word_1_202' title='bbox 393 1600 1292 1704; x_wconf 82' lang='grc' dir='ltr'><strong>ΟΛΥΜΠΩΣ.</strong></span> 
     </span>
    </p>
   </div>
   <div class='ocr_carea' id='block_1_5' title="bbox 62 1739 1620 2569">
    <p class='ocr_par' dir='ltr' id='par_1_5' title="bbox 62 1739 1620 2569">
     <span class='ocr_line' id='line_1_24' title="bbox 187 1739 1620 1793; baseline 0.001 -14"><span class='ocrx_word' id='word_1_203' title='bbox 187 1741 311 1780; x_wconf 89' lang='lat' dir='ltr'>Mons</span> <span class='ocrx_word' id='word_1_204' title='bbox 324 1739 391 1780; x_wconf 79' lang='lat' dir='ltr'>hie</span> <span class='ocrx_word' id='word_1_205' title='bbox 401 1742 620 1793; x_wconf 81' lang='lat' dir='ltr'>depingitur</span> <span class='ocrx_word' id='word_1_206' title='bbox 631 1742 844 1792; x_wconf 88' lang='lat' dir='ltr'>Olympus,</span> <span class='ocrx_word' id='word_1_207' title='bbox 859 1743 899 1780; x_wconf 92' lang='lat' dir='ltr'>in</span> <span class='ocrx_word' id='word_1_208' title='bbox 911 1751 993 1779; x_wconf 85' lang='lat' dir='ltr'>rota</span> <span class='ocrx_word' id='word_1_209' title='bbox 1012 1742 1308 1785; x_wconf 81' lang='lat' dir='ltr'>Macedonia,&amp;</span> <span class='ocrx_word' id='word_1_210' title='bbox 1322 1741 1464 1780; x_wconf 80' lang='lat' dir='ltr'>Graecia</span> <span class='ocrx_word' id='word_1_211' title='bbox 1480 1741 1620 1781; x_wconf 86' lang='lat' dir='ltr'>altissi-</span> 
     </span>
     <span class='ocr_line' id='line_1_25' title="bbox 67 1797 1620 1849; baseline 0.001 -15"><span class='ocrx_word' id='word_1_212' title='bbox 67 1799 243 1840; x_wconf 81' lang='lat' dir='ltr'>mus,cui</span> <span class='ocrx_word' id='word_1_213' title='bbox 255 1797 556 1847; x_wconf 61' lang='lat' dir='ltr'>superstructum</span> <span class='ocrx_word' id='word_1_214' title='bbox 570 1799 622 1835; x_wconf 90' lang='lat' dir='ltr'>est</span> <span class='ocrx_word' id='word_1_215' title='bbox 636 1798 1023 1846; x_wconf 80' lang='lat' dir='ltr'>mauseolum,quale</span> <span class='ocrx_word' id='word_1_216' title='bbox 1033 1799 1232 1849; x_wconf 79' lang='lat' dir='ltr'>Augustus</span> <span class='ocrx_word' id='word_1_217' title='bbox 1247 1800 1390 1835; x_wconf 83' lang='lat' dir='ltr'>Romae</span> <span class='ocrx_word' id='word_1_218' title='bbox 1403 1798 1544 1836; x_wconf 86' lang='lat' dir='ltr'>habere</span> <span class='ocrx_word' id='word_1_219' title='bbox 1556 1797 1620 1837; x_wconf 88' lang='lat' dir='ltr'>so·</span> 
     </span>
     <span class='ocr_line' id='line_1_26' title="bbox 68 1852 1562 1904; baseline 0 -14"><span class='ocrx_word' id='word_1_220' title='bbox 68 1852 180 1890; x_wconf 87' lang='lat' dir='ltr'>lebat.</span> <span class='ocrx_word' id='word_1_221' title='bbox 257 1853 304 1891; x_wconf 87' lang='lat' dir='ltr'>In</span> <span class='ocrx_word' id='word_1_222' title='bbox 333 1854 459 1901; x_wconf 61' lang='lat' dir='ltr'>hujus,</span> <span class='ocrx_word' id='word_1_223' title='bbox 474 1854 680 1892; x_wconf 86' lang='lat' dir='ltr'>cacumine</span> <span class='ocrx_word' id='word_1_224' title='bbox 702 1855 824 1892; x_wconf 83' lang='lat' dir='ltr'>altare</span> <span class='ocrx_word' id='word_1_225' title='bbox 845 1853 960 1904; x_wconf 87' lang='lat' dir='ltr'>fidei,</span> <span class='ocrx_word' id='word_1_226' title='bbox 985 1856 1022 1891; x_wconf 77' lang='grc' dir='ltr'>ὂ(</span> <span class='ocrx_word' id='word_1_227' title='bbox 1046 1853 1144 1891; x_wconf 87' lang='lat' dir='ltr'>fides</span> <span class='ocrx_word' id='word_1_228' title='bbox 1165 1863 1359 1892; x_wconf 84' lang='lat' dir='ltr'>coronata</span> <span class='ocrx_word' id='word_1_229' title='bbox 1383 1856 1562 1892; x_wconf 86' lang='lat' dir='ltr'>cernitur.</span> 
     </span>
     <span class='ocr_line' id='line_1_27' title="bbox 67 1903 1618 1959; baseline 0 -14"><span class='ocrx_word' id='word_1_230' title='bbox 67 1908 334 1946; x_wconf 80' lang='lat' dir='ltr'>Proculdubio</span> <span class='ocrx_word' id='word_1_231' title='bbox 353 1922 471 1947; x_wconf 88' lang='lat' dir='ltr'>mons</span> <span class='ocrx_word' id='word_1_232' title='bbox 485 1903 666 1946; x_wconf 86' lang='lat' dir='ltr'>animum</span> <span class='ocrx_word' id='word_1_233' title='bbox 678 1909 854 1947; x_wconf 89' lang='lat' dir='ltr'>hominis</span> <span class='ocrx_word' id='word_1_234' title='bbox 869 1908 1017 1946; x_wconf 78' lang='lat' dir='ltr'>excelsa</span> <span class='ocrx_word' id='word_1_235' title='bbox 1032 1920 1239 1958; x_wconf 85' lang='lat' dir='ltr'>optantem</span> <span class='ocrx_word' id='word_1_236' title='bbox 1250 1910 1445 1959; x_wconf 77' lang='lat' dir='ltr'>designat:</span> <span class='ocrx_word' id='word_1_237' title='bbox 1467 1911 1618 1948; x_wconf 82' lang='lat' dir='ltr'>isenim</span> 
     </span>
     <span class='ocr_line' id='line_1_28' title="bbox 68 1963 1618 2014; baseline 0 -14"><span class='ocrx_word' id='word_1_238' title='bbox 68 1963 93 2001; x_wconf 80' lang='lat' dir='ltr'>si</span> <span class='ocrx_word' id='word_1_239' title='bbox 107 1964 345 2013; x_wconf 85' lang='lat' dir='ltr'>Olympum,</span> <span class='ocrx_word' id='word_1_240' title='bbox 362 1966 440 2003; x_wconf 84' lang='lat' dir='ltr'>hoc</span> <span class='ocrx_word' id='word_1_241' title='bbox 451 1965 503 2003; x_wconf 87' lang='lat' dir='ltr'>est</span> <span class='ocrx_word' id='word_1_242' title='bbox 514 1966 677 2009; x_wconf 86' lang='lat' dir='ltr'>coelum,</span> <span class='ocrx_word' id='word_1_243' title='bbox 693 1977 737 2002; x_wconf 83' lang='lat' dir='ltr'>ac</span> <span class='ocrx_word' id='word_1_244' title='bbox 749 1976 934 2002; x_wconf 81' lang='lat' dir='ltr'>aeternam</span> <span class='ocrx_word' id='word_1_245' title='bbox 957 1965 1238 2002; x_wconf 85' lang='lat' dir='ltr'>beatitudinem</span> <span class='ocrx_word' id='word_1_246' title='bbox 1261 1967 1419 2014; x_wconf 79' lang='lat' dir='ltr'>cogitat,</span> <span class='ocrx_word' id='word_1_247' title='bbox 1429 1978 1473 2003; x_wconf 84' lang='lat' dir='ltr'>ac</span> <span class='ocrx_word' id='word_1_248' title='bbox 1487 1967 1595 2014; x_wconf 88' lang='lat' dir='ltr'>cupit</span> <span class='ocrx_word' id='word_1_249' title='bbox 1606 1992 1618 2009; x_wconf 92' lang='lat'>‚</span> 
     </span>
     <span class='ocr_line' id='line_1_29' title="bbox 65 2018 1617 2068; baseline 0.002 -13"><span class='ocrx_word' id='word_1_250' title='bbox 65 2018 345 2068; x_wconf 82' lang='lat' dir='ltr'>fideimprimis</span> <span class='ocrx_word' id='word_1_251' title='bbox 361 2021 566 2058; x_wconf 66' lang='lat' dir='ltr'>insti-ustus</span> <span class='ocrx_word' id='word_1_252' title='bbox 587 2019 657 2057; x_wconf 78' lang='lat' dir='ltr'>eisc</span> <span class='ocrx_word' id='word_1_253' title='bbox 673 2021 806 2058; x_wconf 87' lang='lat' dir='ltr'>debet:</span> <span class='ocrx_word' id='word_1_254' title='bbox 830 2019 924 2058; x_wconf 88' lang='lat' dir='ltr'>fides</span> <span class='ocrx_word' id='word_1_255' title='bbox 936 2022 1040 2057; x_wconf 90' lang='lat' dir='ltr'>enim</span> <span class='ocrx_word' id='word_1_256' title='bbox 1059 2021 1369 2058; x_wconf 88' lang='lat' dir='ltr'>fundamentum</span> <span class='ocrx_word' id='word_1_257' title='bbox 1383 2020 1513 2058; x_wconf 75' lang='lat' dir='ltr'>salutis</span> <span class='ocrx_word' id='word_1_258' title='bbox 1539 2021 1591 2058; x_wconf 90' lang='lat' dir='ltr'>est</span> <span class='ocrx_word' id='word_1_259' title='bbox 1605 2048 1617 2065; x_wconf 89' lang='lat'>,</span> 
     </span>
     <span class='ocr_line' id='line_1_30' title="bbox 65 2074 1617 2126; baseline 0.001 -14"><span class='ocrx_word' id='word_1_260' title='bbox 65 2074 145 2112; x_wconf 87' lang='lat' dir='ltr'>sine</span> <span class='ocrx_word' id='word_1_261' title='bbox 166 2087 245 2123; x_wconf 84' lang='lat' dir='ltr'>qua</span> <span class='ocrx_word' id='word_1_262' title='bbox 268 2077 519 2125; x_wconf 82' lang='lat' dir='ltr'>impossibilis</span> <span class='ocrx_word' id='word_1_263' title='bbox 533 2076 583 2113; x_wconf 86' lang='lat' dir='ltr'>est</span> <span class='ocrx_word' id='word_1_264' title='bbox 599 2076 748 2126; x_wconf 71' lang='lat' dir='ltr'>placere</span> <span class='ocrx_word' id='word_1_265' title='bbox 763 2077 868 2124; x_wconf 23' lang='lat' dir='ltr'>Deo..</span> <span class='ocrx_word' id='word_1_266' title='bbox 925 2076 991 2113; x_wconf 85' lang='lat' dir='ltr'>Ob</span> <span class='ocrx_word' id='word_1_267' title='bbox 1016 2075 1119 2114; x_wconf 82' lang='lat' dir='ltr'>hanc</span> <span class='ocrx_word' id='word_1_268' title='bbox 1131 2076 1289 2114; x_wconf 69' lang='lat' dir='ltr'>causam</span> <span class='ocrx_word' id='word_1_269' title='bbox 1303 2088 1454 2114; x_wconf 88' lang='lat' dir='ltr'>corona</span> <span class='ocrx_word' id='word_1_270' title='bbox 1481 2077 1537 2114; x_wconf 90' lang='lat' dir='ltr'>illi</span> <span class='ocrx_word' id='word_1_271' title='bbox 1559 2076 1617 2114; x_wconf 90' lang='lat' dir='ltr'>su-</span> 
     </span>
     <span class='ocr_line' id='line_1_31' title="bbox 66 2130 1619 2182; baseline 0.001 -15"><span class='ocrx_word' id='word_1_272' title='bbox 66 2142 132 2180; x_wconf 81' lang='lat' dir='ltr'>pra</span> <span class='ocrx_word' id='word_1_273' title='bbox 144 2132 326 2180; x_wconf 80' lang='lat' dir='ltr'>pingitur:</span> <span class='ocrx_word' id='word_1_274' title='bbox 341 2143 382 2169; x_wconf 93' lang='lat' dir='ltr'>ut</span> <span class='ocrx_word' id='word_1_275' title='bbox 395 2131 678 2179; x_wconf 87' lang='lat' dir='ltr'>demonstretur</span> <span class='ocrx_word' id='word_1_276' title='bbox 691 2131 782 2169; x_wconf 88' lang='lat' dir='ltr'>fidei</span> <span class='ocrx_word' id='word_1_277' title='bbox 799 2132 1014 2181; x_wconf 81' lang='lat' dir='ltr'>praemium,</span> <span class='ocrx_word' id='word_1_278' title='bbox 1029 2131 1089 2170; x_wconf 86' lang='lat' dir='ltr'>vcl</span> <span class='ocrx_word' id='word_1_279' title='bbox 1102 2144 1310 2175; x_wconf 88' lang='lat' dir='ltr'>coronam,</span> <span class='ocrx_word' id='word_1_280' title='bbox 1328 2133 1553 2182; x_wconf 88' lang='lat' dir='ltr'>Olympum</span> <span class='ocrx_word' id='word_1_281' title='bbox 1567 2130 1619 2169; x_wconf 83' lang='lat' dir='ltr'>es·</span> 
     </span>
     <span class='ocr_line' id='line_1_32' title="bbox 65 2186 1617 2238; baseline 0.001 -14"><span class='ocrx_word' id='word_1_282' title='bbox 65 2187 103 2224; x_wconf 87' lang='lat' dir='ltr'>se</span> <span class='ocrx_word' id='word_1_283' title='bbox 116 2214 124 2230; x_wconf 94' lang='lat'><em>‚</em></span> <span class='ocrx_word' id='word_1_284' title='bbox 148 2187 185 2223; x_wconf 91' lang='lat' dir='ltr'>id</span> <span class='ocrx_word' id='word_1_285' title='bbox 200 2186 263 2231; x_wconf 88' lang='lat' dir='ltr'>est,</span> <span class='ocrx_word' id='word_1_286' title='bbox 288 2188 484 2225; x_wconf 85' lang='lat' dir='ltr'>coelestem</span> <span class='ocrx_word' id='word_1_287' title='bbox 507 2188 686 2238; x_wconf 76' lang='lat' dir='ltr'>gloriam.</span> <span class='ocrx_word' id='word_1_288' title='bbox 751 2187 902 2225; x_wconf 79' lang='lat' dir='ltr'>Verum</span> <span class='ocrx_word' id='word_1_289' title='bbox 915 2189 1008 2235; x_wconf 80' lang='lat' dir='ltr'>quia</span> <span class='ocrx_word' id='word_1_290' title='bbox 1022 2188 1068 2224; x_wconf 83' lang='lat' dir='ltr'>dc</span> <span class='ocrx_word' id='word_1_291' title='bbox 1085 2186 1255 2233; x_wconf 83' lang='lat' dir='ltr'>fidealijs</span> <span class='ocrx_word' id='word_1_292' title='bbox 1268 2188 1469 2226; x_wconf 78' lang='lat' dir='ltr'>virtutibus</span> <span class='ocrx_word' id='word_1_293' title='bbox 1483 2199 1617 2225; x_wconf 87' lang='lat' dir='ltr'>caren-</span> 
     </span>
     <span class='ocr_line' id='line_1_33' title="bbox 64 2242 1617 2292; baseline 0.003 -14"><span class='ocrx_word' id='word_1_294' title='bbox 64 2252 112 2286; x_wconf 87' lang='lat' dir='ltr'>te,</span> <span class='ocrx_word' id='word_1_295' title='bbox 128 2244 166 2279; x_wconf 86' lang='lat'>&amp;</span> <span class='ocrx_word' id='word_1_296' title='bbox 187 2253 342 2280; x_wconf 86' lang='lat' dir='ltr'>mortua</span> <span class='ocrx_word' id='word_1_297' title='bbox 362 2242 428 2280; x_wconf 81' lang='lat' dir='ltr'>hic</span> <span class='ocrx_word' id='word_1_298' title='bbox 450 2255 535 2280; x_wconf 89' lang='lat' dir='ltr'>non</span> <span class='ocrx_word' id='word_1_299' title='bbox 563 2245 698 2292; x_wconf 80' lang='lat' dir='ltr'>agitur:</span> <span class='ocrx_word' id='word_1_300' title='bbox 740 2243 897 2280; x_wconf 83' lang='lat' dir='ltr'>arbores</span> <span class='ocrx_word' id='word_1_301' title='bbox 921 2244 1017 2280; x_wconf 78' lang='lat' dir='ltr'>vivae</span> <span class='ocrx_word' id='word_1_302' title='bbox 1043 2243 1315 2292; x_wconf 61' lang='lat' dir='ltr'>appletaesunt.</span> <span class='ocrx_word' id='word_1_303' title='bbox 1382 2244 1488 2280; x_wconf 85' lang='lat' dir='ltr'>Fides</span> <span class='ocrx_word' id='word_1_304' title='bbox 1507 2246 1617 2282; x_wconf 87' lang='lat' dir='ltr'>enim</span> 
     </span>
     <span class='ocr_line' id='line_1_34' title="bbox 63 2297 1617 2348; baseline 0.001 -13"><span class='ocrx_word' id='word_1_305' title='bbox 63 2297 266 2340; x_wconf 63' lang='lat' dir='ltr'>frustffius,</span> <span class='ocrx_word' id='word_1_306' title='bbox 293 2311 435 2347; x_wconf 89' lang='lat' dir='ltr'>nempe</span> <span class='ocrx_word' id='word_1_307' title='bbox 453 2299 639 2337; x_wconf 73' lang='lat' dir='ltr'>charitate</span> <span class='ocrx_word' id='word_1_308' title='bbox 652 2310 696 2335; x_wconf 81' lang='lat' dir='ltr'>ac</span> <span class='ocrx_word' id='word_1_309' title='bbox 713 2297 788 2346; x_wconf 89' lang='lat' dir='ltr'>spe,</span> <span class='ocrx_word' id='word_1_310' title='bbox 804 2308 844 2335; x_wconf 90' lang='lat' dir='ltr'>ut</span> <span class='ocrx_word' id='word_1_311' title='bbox 859 2298 1082 2348; x_wconf 89' lang='lat' dir='ltr'>Olympum</span> <span class='ocrx_word' id='word_1_312' title='bbox 1099 2298 1375 2346; x_wconf 82' lang='lat' dir='ltr'>consequatur,</span> <span class='ocrx_word' id='word_1_313' title='bbox 1391 2309 1529 2336; x_wconf 80' lang='lat' dir='ltr'>ornata</span> <span class='ocrx_word' id='word_1_314' title='bbox 1544 2299 1617 2337; x_wconf 78' lang='lat' dir='ltr'>esse</span> 
     </span>
     <span class='ocr_line' id='line_1_35' title="bbox 64 2353 1611 2403; baseline 0.001 -13"><span class='ocrx_word' id='word_1_315' title='bbox 64 2353 189 2392; x_wconf 78' lang='lat' dir='ltr'>debct3</span> <span class='ocrx_word' id='word_1_316' title='bbox 246 2353 328 2391; x_wconf 86' lang='lat' dir='ltr'>Nisi</span> <span class='ocrx_word' id='word_1_317' title='bbox 340 2357 445 2392; x_wconf 90' lang='lat' dir='ltr'>enim</span> <span class='ocrx_word' id='word_1_318' title='bbox 469 2355 634 2392; x_wconf 83' lang='lat' dir='ltr'>charitas</span> <span class='ocrx_word' id='word_1_319' title='bbox 656 2354 773 2397; x_wconf 80' lang='lat' dir='ltr'>adsit,</span> <span class='ocrx_word' id='word_1_320' title='bbox 797 2366 882 2402; x_wconf 83' lang='lat' dir='ltr'>quae</span> <span class='ocrx_word' id='word_1_321' title='bbox 902 2356 969 2391; x_wconf 80' lang='lat' dir='ltr'>viae</span> <span class='ocrx_word' id='word_1_322' title='bbox 992 2354 1107 2391; x_wconf 76' lang='lat' dir='ltr'>instar</span> <span class='ocrx_word' id='word_1_323' title='bbox 1129 2353 1192 2399; x_wconf 84' lang='lat' dir='ltr'>fit,</span> <span class='ocrx_word' id='word_1_324' title='bbox 1217 2356 1255 2391; x_wconf 84' lang='lat'>&amp;</span> <span class='ocrx_word' id='word_1_325' title='bbox 1279 2353 1359 2403; x_wconf 82' lang='lat' dir='ltr'>spes</span> <span class='ocrx_word' id='word_1_326' title='bbox 1383 2366 1469 2402; x_wconf 85' lang='lat' dir='ltr'>quae</span> <span class='ocrx_word' id='word_1_327' title='bbox 1491 2356 1611 2400; x_wconf 77' lang='lat' dir='ltr'>viam,</span> 
     </span>
     <span class='ocr_line' id='line_1_36' title="bbox 64 2408 1560 2461; baseline 0 -15"><span class='ocrx_word' id='word_1_328' title='bbox 64 2419 106 2446; x_wconf 90' lang='lat' dir='ltr'>ut</span> <span class='ocrx_word' id='word_1_329' title='bbox 129 2409 326 2446; x_wconf 84' lang='lat' dir='ltr'>columnae</span> <span class='ocrx_word' id='word_1_330' title='bbox 347 2410 612 2452; x_wconf 80' lang='lat' dir='ltr'>mauseolum,</span> <span class='ocrx_word' id='word_1_331' title='bbox 628 2408 819 2452; x_wconf 80' lang='lat' dir='ltr'>sustentet,</span> <span class='ocrx_word' id='word_1_332' title='bbox 833 2421 916 2446; x_wconf 92' lang='lat' dir='ltr'>non</span> <span class='ocrx_word' id='word_1_333' title='bbox 933 2412 1174 2457; x_wconf 87' lang='lat' dir='ltr'>pervenietur</span> <span class='ocrx_word' id='word_1_334' title='bbox 1186 2411 1233 2447; x_wconf 84' lang='lat' dir='ltr'>ad</span> <span class='ocrx_word' id='word_1_335' title='bbox 1248 2411 1560 2461; x_wconf 80' lang='lat' dir='ltr'>montisjugum.</span> 
     </span>
     <span class='ocr_line' id='line_1_37' title="bbox 64 2462 1614 2515; baseline 0.002 -14"><span class='ocrx_word' id='word_1_336' title='bbox 64 2462 186 2501; x_wconf 56' lang='lat' dir='ltr'>Recte</span> <span class='ocrx_word' id='word_1_337' title='bbox 198 2466 290 2512; x_wconf 72' lang='lat' dir='ltr'>itaq3</span> <span class='ocrx_word' id='word_1_338' title='bbox 305 2466 367 2502; x_wconf 83' lang='lat' dir='ltr'>hic</span> <span class='ocrx_word' id='word_1_339' title='bbox 383 2467 559 2515; x_wconf 86' lang='lat' dir='ltr'>Princeps</span> <span class='ocrx_word' id='word_1_340' title='bbox 574 2467 658 2503; x_wconf 86' lang='lat' dir='ltr'>viva</span> <span class='ocrx_word' id='word_1_341' title='bbox 673 2464 762 2502; x_wconf 78' lang='lat' dir='ltr'>fide,</span> <span class='ocrx_word' id='word_1_342' title='bbox 777 2467 814 2502; x_wconf 73' lang='grc' dir='ltr'>ὃ(</span> <span class='ocrx_word' id='word_1_343' title='bbox 827 2477 912 2514; x_wconf 78' lang='lat' dir='ltr'>quae</span> <span class='ocrx_word' id='word_1_344' title='bbox 925 2466 1008 2513; x_wconf 88' lang='lat' dir='ltr'>alijs</span> <span class='ocrx_word' id='word_1_345' title='bbox 1020 2466 1225 2505; x_wconf 82' lang='lat' dir='ltr'>virtutibus</span> <span class='ocrx_word' id='word_1_346' title='bbox 1240 2475 1381 2504; x_wconf 78' lang='lat' dir='ltr'>ornata</span> <span class='ocrx_word' id='word_1_347' title='bbox 1393 2466 1457 2510; x_wconf 86' lang='lat' dir='ltr'>est,</span> <span class='ocrx_word' id='word_1_348' title='bbox 1475 2464 1509 2503; x_wconf 89' lang='lat' dir='ltr'>sc</span> <span class='ocrx_word' id='word_1_349' title='bbox 1529 2466 1614 2504; x_wconf 79' lang='lat' dir='ltr'>bea-</span> 
     </span>
     <span class='ocr_line' id='line_1_38' title="bbox 62 2520 772 2569; baseline -0.001 -12"><span class='ocrx_word' id='word_1_350' title='bbox 62 2530 143 2557; x_wconf 77' lang='lat' dir='ltr'>tam</span> <span class='ocrx_word' id='word_1_351' title='bbox 159 2522 280 2558; x_wconf 74' lang='lat' dir='ltr'>vitam</span> <span class='ocrx_word' id='word_1_352' title='bbox 293 2520 633 2569; x_wconf 86' lang='lat' dir='ltr'>consequuturum</span> <span class='ocrx_word' id='word_1_353' title='bbox 645 2521 772 2558; x_wconf 84' lang='lat' dir='ltr'>credit.</span> 
     </span>
    </p>
   </div>
   <div class='ocr_carea' id='block_1_6' title="bbox 335 2608 1358 2792">
    <p class='ocr_par' dir='ltr' id='par_1_6' title="bbox 335 2608 1358 2792">
     <span class='ocr_line' id='line_1_39' title="bbox 335 2608 1358 2690; baseline -0.002 -31"><span class='ocrx_word' id='word_1_354' title='bbox 335 2610 532 2659; x_wconf 81' lang='lat' dir='ltr'>cosi</span> <span class='ocrx_word' id='word_1_355' title='bbox 580 2608 859 2690; x_wconf 75' lang='lat' dir='ltr'>MORiR</span> <span class='ocrx_word' id='word_1_356' title='bbox 923 2608 1022 2658; x_wconf 86' lang='lat' dir='ltr'>MI</span> <span class='ocrx_word' id='word_1_357' title='bbox 1080 2608 1358 2659; x_wconf 84' lang='lat' dir='ltr'>PLACE.</span> 
     </span>
     <span class='ocr_line' id='line_1_40' title="bbox 445 2683 1254 2792; baseline -0.004 0"><span class='ocrx_word' id='word_1_358' title='bbox 445 2741 584 2792; x_wconf 88' lang='lat' dir='ltr'>ITA</span> <span class='ocrx_word' id='word_1_359' title='bbox 645 2683 1254 2791; x_wconf 56' lang='lat' dir='ltr'>Mo¹it⁶f&#39;PLACET.</span> 
     </span>
    </p>
   </div>
   <div class='ocr_carea' id='block_1_7' title="bbox 213 2832 1615 2936">
    <p class='ocr_par' dir='ltr' id='par_1_7' title="bbox 213 2832 1615 2936">
     <span class='ocr_line' id='line_1_41' title="bbox 213 2832 1615 2885; baseline 0 -14"><span class='ocrx_word' id='word_1_360' title='bbox 213 2835 379 2885; x_wconf 79' lang='lat' dir='ltr'>Elegans</span> <span class='ocrx_word' id='word_1_361' title='bbox 407 2835 487 2874; x_wconf 82' lang='lat' dir='ltr'>haec</span> <span class='ocrx_word' id='word_1_362' title='bbox 509 2835 810 2885; x_wconf 76' lang='lat' dir='ltr'>Hierographia‚</span> <span class='ocrx_word' id='word_1_363' title='bbox 828 2847 872 2873; x_wconf 81' lang='lat' dir='ltr'>ac</span> <span class='ocrx_word' id='word_1_364' title='bbox 886 2837 1017 2883; x_wconf 85' lang='lat' dir='ltr'>probae</span> <span class='ocrx_word' id='word_1_365' title='bbox 1040 2834 1330 2874; x_wconf 72' lang='lat' dir='ltr'>matrifamilias</span> <span class='ocrx_word' id='word_1_366' title='bbox 1352 2832 1503 2883; x_wconf 74' lang='lat' dir='ltr'>optime</span> <span class='ocrx_word' id='word_1_367' title='bbox 1517 2845 1615 2871; x_wconf 88' lang='lat' dir='ltr'>eon-</span> 
     </span>
     <span class='ocr_line' id='line_1_42' title="bbox 881 2891 1612 2936; baseline -0.001 -8"><span class='ocrx_word' id='word_1_368' title='bbox 881 2891 919 2928; x_wconf 82' lang='lat' dir='ltr'><em>H</em></span> <span class='ocrx_word' id='word_1_369' title='bbox 947 2905 961 2935; x_wconf 86' lang='lat'>3</span> <span class='ocrx_word' id='word_1_370' title='bbox 1435 2893 1612 2936; x_wconf 84' lang='lat' dir='ltr'>venicus,</span> 
     </span>
    </p>
   </div>
  </div>
 </body>
</html>
