1980 3369
1561 238 1634 295 65.

79 303 332 342 Rhinoceros
360 302 543 351 equidem
576 313 662 349 non
683 303 839 341 minora
870 302 1088 348 animalia,
1115 301 1177 342 sed
1201 302 1451 354 elephantem
1478 303 1635 345 hostem

17 356 19 358 ’
78 358 114 397 se
129 356 246 408 longe
258 362 466 405 majorem,
481 360 519 396 &
533 360 719 396 omnium
731 359 1034 407 quadrupedum
1050 361 1272 398 maximum
1294 362 1520 411 aggreditur.
1549 363 1629 400 Ha-

79 417 144 452 bet
160 414 413 453 Rhinoceros
438 416 478 451 in
493 412 606 457 naso,
628 416 664 451 ὅ(
689 416 800 463 supra
823 413 986 451 dorsum
1007 426 1155 459 cornu,
1171 428 1256 463 quo
1278 417 1326 454 ad
1353 416 1442 454 saxa
1471 417 1627 462 limato,

78 482 263 521 praeparat
288 470 323 508 se
347 483 485 520 pugnae
509 481 553 506 ac
576 481 752 508 ventrem
781 470 1006 519 elephanti,
1031 483 1152 518 quem
1178 470 1243 508 scit
1263 473 1507 514 molliorem,
1529 475 1638 523 petit.

78 527 199 565 Tanti
213 528 336 564 animi
352 526 483 569 fertur,
499 524 571 562 uta
594 538 725 576 pugna
740 538 951 574 nunquam
968 525 1035 563 nisi
1052 526 1177 564 vietor
1196 527 1358 565 recedat.
1397 527 1497 565 Cute
1517 528 1634 566 duris-

78 583 176 622 fima
201 585 239 621 ὅ(
267 580 499 620 crassissima
522 581 573 618 est
595 592 790 619 armatus:
822 591 864 618 ut
889 593 974 618 non
1000 580 1116 619 facile
1138 582 1187 619 ab
1207 582 1415 632 elephante
1437 584 1634 622 vulnerari

78 638 212 690 possit.
271 637 628 687 Qemadmodum
659 647 793 675 autem
817 637 1074 674 Rhinoceros
1092 639 1248 675 minora
1272 640 1416 686 quaevis
1440 641 1636 678 animalia
1661 639 1664 641 “

78 694 314 736 contemnit,
328 704 373 731 ac
383 693 592 731 vistoriam
605 705 729 740 quam
749 693 798 731 ab
814 693 887 730 illis
901 692 996 729 ferre
1012 691 1145 742 posset,
1162 693 1228 729 sibi
1244 693 1372 742 potius
1386 696 1636 744 ignominio-

123 750 207 789 sam
219 748 342 798 quam
355 747 573 799 gloriosam
587 760 709 798 putat.
767 749 828 786 Sic
841 750 1125 797 magnanimus
1139 747 1205 785 iste
1218 748 1326 792 Dux,
1345 749 1411 786 sibi
1428 762 1513 789 non
1527 762 1586 801 res

123 803 129 807 “
241 806 420 856 exiguas,
435 803 585 849 faciles,
599 808 638 842 &
650 805 764 848 leves,
785 803 988 853 urgendas3
1004 803 1065 841 sed
1083 816 1264 853 magnas,
1280 805 1472 852 difficiles,

423 861 464 898 &
477 860 631 905 arduas,
648 870 690 898 ut
709 862 900 907 majorem
914 858 1087 907 gloriam
1110 858 1302 908 consequi

666 913 808 966 posset,
831 913 1046 964 proposuit.

807 1050 891 1095 32³ae
