1980 3369
335 281 415 331 68.

333 347 444 391 fima,
458 347 494 384 &
510 344 761 392 illustrisstma
785 340 1020 383 Solis‘instz'ir
1033 342 1088 388 fit,
1102 346 1259 393 quaevis‚
1273 344 1295 383 ὲ
1315 345 1459 394 quibus
1482 347 1720 393 labefactari,
1741 361 1786 387 ac
1807 360 1876 399 op·
1928 375 1931 377 -
1971 369 1974 371 Α

333 404 451 454 primi
473 401 604 452 posset,
620 401 736 439 facile
757 402 912 447 delebit,
935 413 980 438 ac
1001 402 1043 438 in
1066 401 1252 447 nihilum,
1267 412 1309 439 ut
1325 402 1394 440 Sol
1416 405 1555 448 nubes,
1570 406 1725 455 rediget.

609 513 1085 564 HESPERUS
1161 514 1404 565 UNUS
1480 515 1611 566 LU-

952 608 1239 643 CESSET.

483 681 608 720 Navis
630 682 751 723 mari,
774 682 899 718 ventis
920 692 966 717 ac
987 681 1155 718 tenebris
1186 682 1427 728 concredita,
1450 684 1632 721 animum
1657 695 1724 722 aut
1751 696 1875 734 nego·

330 738 384 774 {²3
408 736 531 775 Ducis
558 737 737 786 periculis
761 749 843 773 non
871 737 1023 774 levibus
1048 736 1220 785 exposita
1241 739 1398 775 indicat.
1477 740 1721 777 consolatur
1743 751 1879 777 tamen

333 791 372 830 se
387 793 479 830 Dux
503 805 631 841 neque
655 791 839 840 desperat,
855 793 951 839 quin
978 792 1026 829 ad
1051 792 1224 829 foelicem
1239 804 1394 842 portum
1423 794 1464 832 sit
1476 796 1690 833 adventura
1715 795 1806 833 cum
1826 797 1881 832 ait

331 848 369 885 H
392 849 417 886 E
441 849 465 886 S
492 850 518 886 P
544 850 572 886 E
594 848 681 885 RV
703 848 726 884 S
786 847 965 885 VNVS
1023 848 1107 885 LV
1133 848 1167 884 C
1189 849 1218 885 E
1242 849 1265 885 S
1290 849 1313 886 S
1337 850 1429 886 ET.
1465 851 1588 887 idest:
1614 852 1717 888 stella
1740 852 1876 899 aliqua

329 906 472 952 major.
528 905 620 951 Ejus
641 905 746 940 enim
767 903 920 939 lumine
942 903 1031 939 licet
1054 904 1199 953 exiguo
1225 914 1403 952 optatum
1431 916 1589 955 portum
1616 908 1724 944 navis
1746 906 1878 944 conse-

330 970 486 1009 quetur.
561 959 844 996 Admonemur
864 959 996 1005 itaque
1016 958 1090 995 hac
1112 960 1397 1009 Hicrographia
1415 988 1424 1003 ,
1452 974 1501 998 ne
1521 964 1560 998 in
1587 963 1761 1010 peticulis
1781 974 1879 999 cone

327 1016 447 1055 stituti
470 1013 712 1064 desperemus
729 1041 738 1056 ‚
761 1013 820 1049 sed
845 1014 884 1050 in
910 1014 1000 1050 Deo
1026 1013 1231 1063 speremus.
1298 1014 1422 1052 Facile
1449 1018 1555 1054 enim
1579 1017 1603 1054 fi
1628 1018 1685 1055 vel
1710 1019 1877 1054 minima

330 1072 453 1108 divini
478 1070 612 1115 auxilij
636 1069 701 1106 lux
726 1067 921 1110 affulserit,
949 1069 1168 1107 liberamur.
1245 1071 1449 1121 Quamdiu
1475 1073 1636 1110 meliora
1665 1072 1876 1121 speramus,

329 1127 482 1164 tamdiu
506 1124 628 1163 levitis
643 1125 806 1161 ferimus
831 1124 1016 1172 pericula.
1084 1125 1177 1174 Spes
1201 1128 1308 1164 enim
1332 1126 1524 1176 sperantes
1550 1129 1637 1174 alit,
1654 1139 1700 1165 ac
1725 1127 1879 1177 speratis

329 1182 486 1233 sperans
507 1192 549 1219 ut
567 1179 815 1232 ptaesentibus
837 1180 989 1218 fruitur.

669 1309 798 1360 AD
877 1308 1080 1360 Nos
1157 1310 1541 1383 LAuDrs

983 1404 1234 1439 AMOR.

480 1473 700 1524 Capreolus
728 1478 767 1513 in
791 1479 999 1514 cacumine
1019 1478 1123 1525 rupis
1147 1476 1182 1513 se
1207 1476 1388 1516 ostentat.
1463 1475 1630 1513 Animal
1653 1476 1761 1524 quod
1776 1477 1875 1514 inter

327 1542 445 1579 rupes
463 1530 578 1581 degit,
594 1545 638 1569 ac
660 1531 812 1570 summa
838 1533 985 1581 semper
1003 1534 1148 1582 appetit
1170 1534 1271 1570 loca.
1290 1543 1399 1570 tanta
1425 1532 1589 1569 saltandi
1611 1532 1754 1580 peritia,
1779 1532 1873 1569 dex-

327 1587 476 1623 teritate
498 1598 543 1623 ac
567 1586 766 1625 securitate
789 1588 1015 1638 praeditum,
1055 1598 1096 1624 ut
1128 1590 1168 1624 in
1198 1589 1401 1637 planitiem
1429 1589 1490 1625 vix
1517 1588 1648 1636 palma
1680 1589 1876 1634 majorem

327 1641 465 1679 saltare
488 1654 649 1692 praeceps
673 1643 819 1692 absque
840 1637 1017 1692 'periculo
1039 1643 1206 1683 audeam
1236 1656 1358 1693 quam
1385 1656 1474 1680 cum
1500 1644 1644 1692 pedum
1677 1643 1877 1692 unguibus

328 1697 606 1746 appraehendst,
621 1699 672 1736 ibi
687 1700 802 1737 etiam
822 1698 855 1736 se
880 1698 1000 1736 sistere
1015 1699 1151 1748 potest.
1213 1699 1568 1749 Qemadmodutn
1583 1700 1714 1745 itaque
1737 1698 1817 1735 hoc
1835 1711 1879 1735 a·

327 1753 454 1790 nimal
481 1754 592 1791 nullo
611 1757 802 1804 praeeipitij
828 1765 934 1792 metu
952 1784 961 1797 ‚
987 1754 1135 1804 semper
1157 1755 1309 1798 altiora,
1326 1757 1363 1792 δε
1392 1754 1544 1792 summa
1572 1755 1663 1802 petit
1675 1753 1803 1790 donec
1817 1754 1876 1790 ul-

326 1808 443 1846 terius
464 1821 547 1846 nun
574 1810 704 1858 possit,
731 1812 781 1848 ita
805 1810 989 1848 illustriss.
1010 1811 1076 1848 iste
1104 1811 1158 1847 vir
1172 1812 1345 1848 loannes
1370 1812 1539 1847 indicare
1565 1809 1638 1846 hac
1665 1809 1876 1859 Hierogra-

327 1865 421 1913 phia
449 1865 588 1908 voluit,
604 1865 638 1902 se
660 1867 862 1909 virtutem,
877 1878 956 1913 qua
980 1865 1063 1904 sola
1087 1877 1173 1903 vera
1197 1867 1280 1902 laus
1302 1876 1574 1915 comparatur,
1596 1863 1744 1913 lemper
1765 1876 1873 1901 ama-

325 1932 379 1964 re,
394 1923 578 1968 tantique
594 1920 732 1964 facere,
749 1932 790 1958 ut
811 1921 1042 1961 difficillima
1067 1934 1235 1972 quaeque
1256 1923 1360 1959 illius
1373 1923 1497 1972 gratia
1511 1950 1520 1967 ‚
1539 1932 1585 1958 ac
1604 1920 1653 1958 ad
1668 1931 1757 1957 earn
1781 1932 1874 1958 con-

327 1975 569 2026 sequendam
583 1977 751 2028 aggredi,
766 1977 870 2017 velit.

514 2102 625 2152 EX
703 2099 1043 2150 GLACIE
1122 2101 1712 2152 CRISTALLUS

973 2193 1257 2230 EVAS1T.

480 2269 544 2307 De
564 2268 599 2307 se
622 2268 887 2319 proculdubio
910 2272 1137 2310 Ludovicus
1161 2272 1369 2319 Gonzaga‚
1395 2271 1572 2319 loquitur
1589 2272 1686 2308 dum
1714 2273 1766 2308 ait
1800 2270 1876 2308 EX

326 2324 621 2364 GLACIE
682 2326 1174 2365 CRISTALLVS
1233 2326 1873 2364 EVAslT.ac:*1cristalli

325 2383 480 2431 origine
497 2382 828 2431 Hierogtaphiam
848 2383 1023 2420 deduxit.
1079 2384 1223 2420 Putant
1245 2383 1353 2419 enim
1378 2383 1563 2419 authores
1579 2383 1765 2419 nonnulli
1791 2382 1870 2431 gla-

323 2439 425 2474 ciem
449 2438 517 2475 diu
541 2438 580 2473 in
606 2436 860 2485 frigidissimis
879 2439 1083 2476 montibus
1106 2438 1315 2480 servatam,
1345 2439 1507 2474 tandem
1531 2439 1571 2474 in
1601 2438 1810 2474 cristallum
1836 2449 1874 2474 a-

324 2494 406 2530 bire
424 2521 434 2537 ,
455 2504 503 2529 ac
536 2492 747 2530 cristallum
774 2494 878 2542 prius
900 2505 1047 2542 aquam
1068 2493 1188 2531 fuisse.
1278 2492 1430 2530 Verum
1460 2492 1634 2530 omnino
1658 2493 1873 2534 falluntur,

323 2560 534 2597 nunquam
559 2550 666 2585 enim
680 2561 782 2596 aqua
812 2550 850 2586 in
874 2549 1085 2586 cristallum
1109 2550 1252 2586 mutari
1276 2549 1419 2598 potest,
1446 2548 1592 2596 absque
1613 2560 1746 2585 tamen
1770 2559 1874 2594 aqua

323 2616 410 2643 non
439 2613 666 2654 generatur,
690 2602 789 2642 solvi
810 2606 917 2641 enim
952 2614 1056 2642 terrae
1086 2604 1311 2643 tenuissima
1334 2606 1462 2652 portio
1493 2616 1583 2641 cum
1611 2616 1714 2653 aqua
1736 2603 1872 2646 debet,

323 2672 412 2707 quae
435 2659 638 2696 recedente
669 2671 796 2709 aqua,
819 2670 905 2697 tum
932 2661 1103 2708 primum
1127 2663 1167 2697 in
1190 2660 1401 2698 cristallum
1425 2658 1645 2696 concrescit.
1735 2659 1775 2695 Si
1799 2658 1874 2695 cri-

324 2715 456 2753 stallus
477 2726 522 2752 ex
549 2727 653 2761 aqua
673 2715 876 2764 congelata
902 2716 1115 2761 constaret,
1138 2718 1227 2765 igne
1258 2715 1488 2753 solveretur-3
1518 2717 1531 2763 (
1555 2727 1640 2763 quae
1669 2715 1776 2751 enim
1807 2714 1873 2750 fri-

323 2783 418 2821 gore
440 2769 716 2814 concrescunt,
740 2771 869 2808 calore
894 2771 1136 2819 solvuntun)
1159 2783 1204 2808 ac
1235 2783 1369 2818 aqueae
1394 2782 1517 2819 partes
1551 2772 1641 2820 igne
1669 2767 1874 2806 consume-

324 2827 598 2873 renturzquod
615 2838 699 2863 non
724 2825 768 2863 fit
790 2828 1016 2874 experienti.
1071 2829 1167 2877 Igne
1184 2828 1292 2863 enim
1318 2837 1524 2869 crematus,
1550 2827 1696 2863 calcem
1716 2824 1779 2861 seu
1801 2835 1874 2861 tet·

321 2893 406 2920 ram
422 2909 432 2926 ,
458 2883 497 2920 &
523 2880 575 2919 sal
597 2883 708 2929 cujus
731 2880 877 2931 spiritus
893 2880 1089 2920 beneficio
1113 2882 1346 2932 coagulatus
1359 2881 1455 2926 fuit,
1482 2882 1660 2920 ostendit.
1717 2880 1870 2918 Verum

1628 2947 1712 2973 non
1734 2935 1859 2978 refert,
