1980 3369
313 292 339 326 ι
370 280 414 326 ἅ.

316 295 449 391 ᾶξῑιιὲ,
465 351 620 394 propter
640 342 1076 391 obligationem,quam
1088 338 1239 390 agnitio
1259 336 1378 397 parit,
1402 337 1442 384 §c
1464 335 1610 380 officia,
1635 345 1723 385 quae
1735 334 1856 386 ipsam

316 412 360 449 ut
372 401 513 446 umbra
527 398 752 450 sequuntur.

756 485 885 547 ins
961 478 1413 541 GRAVTORA

467 580 696 619 Celcbtamt
713 578 763 615 ab
785 575 972 613 historicis
996 573 1043 610 C.
1057 573 1173 618 Mutij
1189 572 1366 613 facinus:
1388 571 1456 619 qui
1475 573 1564 608 curn
1582 570 1788 615 Porsenam
1800 583 1857 608 re·

313 649 404 690 gem
417 649 462 676 ac
474 639 762 675 Romanorum
776 632 927 669 hostem
941 629 1131 670 trucidare
1145 629 1271 671 vellet,
1285 638 1415 672 errore
1430 626 1591 673 scribam
1615 639 1686 675 pro
1699 638 1784 675 rege
1798 627 1859 663 in-

312 694 474 737 terfecit,
488 688 700 742 captusduc
710 688 731 726 :i
747 689 854 737 regiis
870 685 1094 724 satellitibus
1106 712 1115 727 ,
1140 696 1185 721 ac
1198 686 1286 733 igne
1300 694 1341 721 ut
1353 682 1646 727 combureretur
1659 681 1834 718 extructo
1845 708 1857 725 ‚

313 749 420 790 ultro
432 749 729 793 dexteramque.
742 752 942 786 erraverat,
958 742 1046 782 igne
1058 741 1254 781 cremavit,
1272 736 1429 787 regiq'ue
1442 749 1556 786 agere
1569 740 1606 776 δ(
1624 738 1701 786 pati
1724 738 1857 780 fortia,

314 805 556 842 Romanum
577 800 661 845 effe,
676 799 812 837 effatus
826 798 891 837 est.
947 795 1096 834 Verum
1112 797 1198 833 Rex
1214 795 1364 839 iuvenis
1378 795 1560 830 virtutem
1575 793 1800 836 admiratus,
1812 802 1858 828 ac

313 860 505 897 facinoris
521 857 715 896 miraculo
729 856 932 895 attonitus,
947 848 1163 898 similesque
1184 850 1410 898 complures
1429 850 1469 887 in
1495 848 1598 885 illius
1612 859 1747 891 necem
1761 859 1858 890 con·
1885 874 1889 878 -

314 903 462 964 spirasse
474 913 707 962 intelligens,
724 911 854 947 Murio
868 908 914 945 ad
936 907 1024 944 suos
1038 907 1158 943 redire
1172 904 1268 949 iusso
1282 932 1292 948 ‚
1310 916 1446 953 pacem
1457 915 1548 941 cum
1562 904 1760 945 Romanis
1774 901 1856 944 san-

312 963 452 1009 civit(>
474 968 603 1020 Mysta
628 964 746 1016 porro
758 966 936 1016 graviora
960 962 993 999 se
1010 975 1080 1009 pro
1094 964 1136 1007 ijs
1148 962 1290 1009 quibus
1315 960 1432 998 fidem
1447 960 1619 998 &vitam
1642 958 1767 1001 debet,
1781 958 1858 998 tol·
1901 1004 1903 1007 r

313 1025 448 1069 letare,
465 1025 585 1074 quAm
600 1023 647 1060 C.
662 1023 813 1062 Mutius
830 1017 1017 1069 perpessus
1032 1017 1159 1059 fuerit,
1175 1017 1291 1053 velle:
1317 1015 1514 1065 Symbolo
1546 1016 1582 1052 H
1600 1013 1651 1051 IS
1694 1013 1730 1050 G
1747 1014 1783 1051 R
1799 1013 1859 1050 A·

313 1080 500 1119 VIORA
540 1079 741 1128 promittit.
794 1076 920 1113 Patria
945 1083 1076 1111 autem
1094 1100 1103 1115 ,
1126 1082 1312 1120 parentes>
1336 1074 1375 1108 &
1399 1071 1528 1114 amici,
1544 1081 1587 1109 ea
1603 1068 1702 1113 sunt,
1714 1068 1859 1116 quibus

311 1131 390 1177 vita
414 1134 560 1174 &fides
581 1134 756 1175 debetur,
780 1143 824 1169 ae
846 1142 917 1179 pro
937 1129 1080 1177 quibus
1097 1129 1262 1176 pericula
1286 1127 1431 1174 quaevis
1454 1125 1601 1168 subire,
1626 1127 1664 1163 δε
1690 1133 1859 1162 mortem

313 1183 508 1241 oppetere,
522 1190 673 1229 clarum
686 1191 724 1226 ὃς
740 1184 956 1236 gloriosum
971 1185 1035 1221 est.
1095 1185 1260 1220 Patriam
1282 1183 1350 1229 qui
1374 1181 1533 1231 negligit
1545 1208 1556 1224 ,
1579 1192 1623 1217 ac
1636 1188 1774 1217 contra
1787 1179 1859 1216 ho-

311 1248 382 1286 stes
396 1259 481 1284 non
494 1255 635 1289 tuetur,
650 1245 824 1291 ingratus
837 1253 924 1290 erga
939 1251 1039 1281 eam,
1050 1241 1087 1276 ὅ(
1099 1250 1166 1275 eos
1179 1239 1244 1287 qui
1259 1238 1371 1274 illum
1384 1238 1574 1274 aluerunt:
1599 1248 1644 1273 ac
1658 1235 1856 1284 indignus,

312 1293 355 1340 ut
368 1302 417 1340 ab
431 1302 496 1339 illa
519 1300 757 1341 sustentetur,
771 1295 931 1345 cjtist'que
956 1295 1106 1332 fruatur
1127 1295 1243 1331 donis
1266 1295 1304 1331 δε
1318 1292 1521 1335 fructibus,
1539 1291 1603 1328 est.
1659 1291 1741 1341 Qi
1763 1287 1859 1329 vero

310 1370 399 1396 cam
411 1357 599 1395 destruere
617 1363 797 1397 conatur,
815 1353 1041 1394 licei-auant
1055 1357 1273 1399 oppugnat,
1285 1358 1327 1385 ut
1340 1349 1455 1385 omni
1468 1358 1732 1384 aerumnarum
1745 1348 1784 1384 δε
1797 1357 1859 1383 ca—

312 1414 534 1453 lamitatum
547 1405 892 1462 generclbbruatur
905 1404 1166 1456 dignissimus.
1223 1403 1429 1452 Singulare
1449 1405 1490 1440 in
1509 1403 1672 1451 patriam
1686 1400 1775 1439 fidei
1789 1413 1858 1439 ex-

310 1462 366 1506 tat
381 1468 611 1517 Codriregis
622 1462 872 1503 Atheniensis
885 1461 1127 1509 exemplum,
1141 1460 1209 1508 qui
1222 1461 1342 1496 vitam
1355 1469 1396 1495 ut
1410 1459 1575 1508 patriam
1591 1458 1860 1506 salvaret,pro-

308 1524 431 1562 fudit:
456 1523 562 1561 Cum
582 1523 689 1559 enim
715 1519 863 1569 ingenti
886 1518 1055 1555 exercitu
1071 1518 1198 1552 Attica
1211 1517 1316 1564 regio
1329 1514 1446 1558 ferro,
1458 1512 1620 1563 ignitiue
1632 1512 1852 1557 vastaretur,

309 1579 524 1623 diffidentia
538 1575 848 1619 humaniauxilij
865 1602 875 1616 ,
902 1574 949 1610 ad
972 1572 1175 1621 Apollinis
1198 1571 1406 1608 oraculum
1430 1570 1577 1619 legatos
1601 1567 1722 1612 misit,
1737 1566 1859 1605 scisci-

308 1627 634 1683 tatunuquonam
646 1632 772 1670 modo
785 1639 865 1667 tam
877 1640 990 1678 grave
1003 1627 1151 1664 bellum
1175 1625 1310 1664 discuti
1323 1624 1464 1674 posset?
1488 1624 1706 1673 Respondit
1717 1636 1854 1661 oracu-

307 1690 413 1728 lum:
442 1690 493 1728 ita
510 1690 566 1726 illi
591 1688 715 1733 finem
738 1686 844 1731 fore,
865 1683 888 1720 fi
913 1682 990 1732 ipse
1018 1682 1147 1720 hostili
1170 1694 1293 1719 manu
1319 1679 1532 1718 occidisset:
1561 1677 1683 1732 Qod
1695 1679 1860 1728 quidem

307 1758 394 1783 non
410 1745 643 1783 solumtotis
670 1738 974 1781 Atheniensium
991 1739 1143 1781 castris,
1170 1737 1229 1774 sed
1255 1738 1374 1774 etiam
1397 1737 1603 1781 contrariis
1633 1735 1858 1784 percrebuit.

305 1799 444 1850 Boii-tie
468 1800 619 1838 fastum
643 1798 708 1839 est,
736 1807 776 1834 ut
797 1797 1018 1837 ediceretur,
1036 1806 1085 1830 ne
1108 1794 1195 1841 quis
1226 1792 1345 1829 Codri
1362 1804 1503 1841 corpus
1522 1791 1753 1829 vulneraret.
1813 1790 1859 1829 Id

305 1857 514 1906 post-mam
528 1849 1148 1904 cognovit‚depofitisinsignibus
1168 1850 1314 1897 imperii
1332 1875 1341 1891 ,
1366 1848 1601 1884 familiarem
1623 1846 1775 1884 cultum
1797 1847 1859 1884 in-

306 1913 404 1956 duit,
424 1923 468 1949 ac
492 1911 709 1959 palantium
735 1907 860 1957 globo
874 1904 944 1943 sese
957 1907 1112 1950 objecit,
1135 1915 1342 1951 unumque
1365 1915 1410 1940 ex
1425 1903 1484 1939 his
1504 1902 1604 1939 falce
1619 1901 1858 1950 percuffum,

305 1969 345 2004 in
358 1968 499 2005 caedem
523 1965 632 2003 suam
659 1963 864 2012 compulit.
906 1961 1030 2002 Cuius
1058 1961 1233 2002 interitu,
1264 1971 1312 1996 ne
1328 1958 1493 1996 Athenae
1517 1958 1752 2001 occiderent,
1766 1955 1859 1995 effe·

306 2023 416 2059 stum
439 2022 502 2060 est.
562 2021 690 2070 Mysta
714 2028 754 2055 ut
777 2018 813 2056 se
834 2016 1098 2067 gratissimum
1130 2027 1219 2064 erga
1242 2017 1406 2063 patriam
1439 2013 1667 2057 ostenderet,
1692 2024 1775 2051 non
1801 2012 1861 2050 so·

305 2079 389 2115 lum
412 2078 624 2119 dextetam,
643 2075 704 2113 sed
730 2076 851 2114 vitam
875 2071 1000 2117 offert,
1015 2083 1093 2122 qua
1114 2071 1216 2108 nihil
1241 2081 1371 2119 neque
1388 2069 1557 2120 gravius,
1576 2081 1708 2119 neque
1729 2068 1860 2119 maju'z

306 2134 399 2170 dare
424 2132 640 2182 possumus.

503 2234 1384 2309 OMNLAFORTUNAE
1463 2232 1687 2284 c0M2

947 2330 1209 2364 MITTO.

458 2405 642 2447 Fortuna,
658 2415 775 2454 penes
796 2402 918 2453 quam
943 2416 1082 2441 omnes
1099 2404 1283 2442 humanae
1299 2405 1382 2442 vitae
1397 2405 1638 2441 mutationes
1655 2431 1665 2446 ,
1690 2398 1857 2450 omnec'fi

302 2460 555 2503 facultatum,
583 2460 810 2503 honorum,
838 2461 1101 2498 amicitiarum
1116 2487 1126 2503 ,
1145 2462 1183 2499 ὅ(
1204 2460 1520 2497 commodorum
1551 2459 1760 2496 arbitrium
1785 2456 1859 2494 effe

301 2518 479 2560 creditur,
536 2516 690 2553 Oceani
714 2514 794 2564 filia
815 2516 864 2555 ab
887 2516 1068 2552 Homero
1086 2515 1271 2559 statuitur,
1283 2524 1376 2552 ante
1392 2527 1513 2564 quem
1526 2515 1731 2564 incognita
1747 2524 1858 2561 pror-

300 2573 361 2611 sus
376 2573 464 2614 suit,
493 2568 730 2619 nullume'iue
753 2582 905 2608 nomen
928 2572 1110 2608 obtinuit.
1168 2571 1283 2607 Hanc
1305 2580 1446 2620 putant
1470 2582 1529 2607 res
1551 2570 1751 2607 humanas
1776 2567 1858 2605 sur-

300 2629 386 2665 sum
423 2638 468 2664 ac
495 2625 678 2663 deorsum
702 2625 928 2665 subvertere,
952 2638 1022 2674 pro
1046 2625 1116 2663 suo
1130 2627 1311 2671 arbitrio,
1337 2628 1378 2663 in
1393 2625 1565 2675 singulos
1588 2626 1773 2662 homines
1795 2626 1857 2671 jus

298 2683 463 2726 habere,
485 2683 681 2724 civitates,
707 2692 839 2730 regna,
860 2683 1054 2718 amicitias
1084 2691 1264 2726 evertere,
1293 2681 1383 2718 cum
1412 2682 1591 2724 libuerit,
1616 2680 1683 2718 illa
1709 2678 1852 2723 eversa.

300 2742 338 2776 ὅ(
362 2738 526 2783 jacentia
546 2737 710 2774 demum
732 2737 892 2785 erigere,
923 2737 1125 2784 opulentia
1141 2763 1151 2780 ,
1177 2735 1471 2784 hominumque
1504 2736 1723 2784 frequentia
1734 2735 1859 2783 reple·

298 2806 351 2837 re,
368 2796 403 2830 <St
421 2791 694 2829 florentissima
718 2791 880 2831 efficere.
930 2793 1064 2841 Quare
1090 2791 1113 2829 si
1136 2793 1230 2839 quid
1256 2791 1495 2841 prosperum,
1511 2791 1643 2839 siquid
1663 2803 1707 2828 ex
1740 2799 1850 2834 voto.

298 2848 323 2885 si
338 2848 431 2897 quid
447 2847 558 2885 foelix
582 2859 627 2884 ex
642 2845 816 2884 obscuris
828 2846 949 2883 causis
972 2849 1140 2890 eveniat,
1157 2858 1225 2884 aut
1246 2858 1401 2890 contra,
1421 2846 1446 2884 si
1459 2846 1554 2895 quid
1568 2847 1857 2888 turbulentum,

296 2903 523 2949 molestum,
537 2902 814 2941 calamitosum
827 2904 1054 2952 contingat,
1084 2903 1121 2940 id
1143 2913 1275 2941 totum
1295 2903 1465 2940 fortunae
1489 2904 1681 2940 tribuitur:
1741 2902 1800 2940 lta
1817 2910 1860 2937 ut

1777 2967 1864 2995 una,
