1980 3369
376 299 428 334 72

370 352 489 393 severi
500 353 647 401 judicis,
668 352 785 405 quam
794 364 899 392 nunc
913 352 1011 392 mitis
1024 352 1264 405 patronizqui
1275 351 1410 390 cribrat
1419 352 1631 406 diligentius
1653 368 1662 391 ;
1693 354 1821 391 &ma-

371 409 427 445 los
438 410 477 445 in
488 410 699 459 perniciem
710 405 878 461 segregat
888 407 1026 446 abonis
1039 410 1076 446 ὅτ.
1085 409 1263 446 beatitate
1274 418 1422 445 aeterna.

590 514 849 570 XCIII.
901 516 1628 571 HIEROGRAPHIA.

424 597 565 646 Cinyra
575 598 746 648 Agriope
755 596 852 635 filius
862 625 871 641 ,
886 610 1020 648 praeter
1028 596 1106 642 alia,
1118 598 1265 635 invenit
1276 597 1513 641 incudem‚ut
1527 596 1664 634 Plinius
1673 625 1683 639 ,
1692 607 1822 633 rerum

371 649 514 702 aliquot
525 651 746 688 inventores
756 651 894 690 ordine
909 654 1081 695 recitans,
1094 662 1393 689 commemorat.
1425 650 1485 688 Est
1503 662 1633 688 autem
1646 648 1770 688 moles
1779 650 1824 687 11-

370 704 422 748 la,
431 706 473 742 in
482 703 636 742 officina
652 704 820 750 ferraria,
832 705 936 756 [upra
943 705 1205 745 acmothetam
1215 734 1224 749 ,
1246 705 1284 741 in
1295 717 1367 756 qua
1380 704 1524 743 ferrum
1535 704 1706 743 tunditur
1715 733 1725 747 ‚
1741 716 1827 742 non
1870 739 1874 742 .

370 760 474 798 vanis
488 758 618 796 ietibus
629 788 640 804 ,
657 759 722 797 led
732 772 778 797 ex
788 762 920 812 quibus
928 788 940 804 ,
957 773 1100 798 vocum
1110 759 1326 798 modulatio
1336 788 1346 803 ,
1355 758 1393 803 fi,
1402 760 1610 811 quidquam
1635 759 1830 797 credimus

370 812 495 865 priscis
510 824 605 850 nata.
662 814 907 852 Transfertur
928 814 1059 852 adalia.
1079 826 1120 852 ut
1135 813 1260 853 versus
1269 812 1368 851 male
1380 825 1678 866 tornatos,quos
1692 814 1821 849 Hora-

370 870 441 906 tius
451 867 577 905 incudi
591 867 717 906 reddit
738 885 743 906 ;
767 870 978 914 orationes,
989 881 1069 921 qua:
1078 869 1278 907 Ciceronis
1292 869 1371 906 vim
1384 866 1461 905 fine
1471 867 1621 906 follibus
1632 866 1827 906 &incudi-
1876 872 1879 874 ’

370 922 439 960 bus
458 934 542 959 non
559 921 705 973 spirant.
760 921 882 974 Mysta
899 922 965 961 hic
978 924 1025 961 ad
1039 926 1215 962 animum
1236 921 1421 960 transfert.
1448 934 1511 960 aut
1522 935 1603 973 quae
1616 923 1733 960 animi
1756 920 1825 959 de-

370 988 462 1014 cora
470 974 554 1014 sunt
563 1005 573 1020 ,
584 975 706 1014 fidem
715 977 753 1014 in
764 975 933 1029 personis
942 1006 953 1022 ‚
964 976 1216 1016 constantiam
1231 978 1271 1014 in
1281 977 1402 1014 rebus.
1433 978 1563 1028 Atque
1574 977 1650 1015 hoc
1663 974 1828 1014 mihilo-

369 1043 417 1068 co
429 1033 553 1082 {magis
562 1030 685 1082 placet
696 1059 706 1074 ‚
718 1031 834 1082 quam
844 1031 1028 1070 alterutro
1038 1031 1209 1076 istorum,
1218 1032 1277 1070 vel
1286 1042 1451 1082 utroque
1458 1029 1538 1068 isto.
1592 1032 1696 1068 Nam
1704 1029 1730 1067 fi
1738 1028 1825 1067 scite

368 1084 475 1137 loqui
484 1096 545 1123 aut
556 1084 717 1122 scribere
727 1114 735 1128 ,
751 1086 790 1123 in
804 1085 914 1124 laude
925 1087 961 1123 ὅ(
976 1088 1100 1137 pretio
1111 1085 1182 1130 est3
1202 1085 1346 1138 quanto
1357 1083 1576 1123 laudabilius
1585 1083 1707 1122 facere
1720 1084 1825 1122 Pnon

369 1138 472 1177 addo
484 1140 679 1191 pretiolius
695 1139 704 1175 ἓ
715 1140 842 1177 Virtus
851 1141 959 1178 enim
971 1140 1083 1192 seipsa
1091 1151 1277 1178 contenta
1288 1138 1356 1177 est:
1376 1141 1415 1177 &
1427 1141 1511 1178 viro
1519 1140 1630 1177 bono
1641 1137 1756 1190 longe
1765 1137 1824 1176 so-

367 1196 524 1232 nantior
536 1191 805 1237 est,conscietia
813 1194 917 1232 red‘te
927 1193 1128 1238 factorum,
1137 1194 1255 1246 quam
1265 1193 1372 1232 ullius
1381 1193 1651 1246 amphitheatri
1659 1193 1825 1231 velcon-

366 1246 541 1286 sonantia
548 1248 608 1285 vel
619 1246 841 1299 frequentia.
861 1250 957 1299 Regi
966 1250 1066 1300 gravi
1079 1251 1117 1287 &
1127 1247 1353 1286 inconcussae
1360 1250 1525 1286 verbum
1534 1248 1693 1300 plenum
1703 1248 1825 1300 gravi-

366 1303 450 1341 tatis
466 1302 585 1352 Mysta
598 1302 775 1353 adaequat:
787 1302 955 1340 Durabo.
967 1304 1115 1354 Magno
1130 1302 1232 1340 certe
1250 1304 1288 1340 ὅ(
1301 1303 1493 1354 intrepido
1500 1304 1738 1348 anim0‚eum
1752 1301 1827 1339 esse

367 1357 631 1408 convenitzqui
641 1357 680 1394 in
692 1357 802 1393 tantis
811 1355 974 1395 fortunae
983 1357 1346 1404 injuriiszhominum
1355 1355 1503 1395 insidiis:
1514 1368 1656 1394 natura:
1666 1354 1826 1394 necessi-

367 1411 518 1455 tatibus,
530 1408 676 1448 constat
685 1408 752 1448 sibi
762 1426 769 1447 ε
780 1422 854 1447 nec
866 1411 914 1448 de
921 1410 1041 1462 gradu
1049 1413 1117 1449 viri
1126 1412 1220 1450 boni
1230 1413 1268 1449 &
1280 1410 1485 1449 constantis
1502 1410 1563 1449 vel
1572 1410 1691 1448 hilum
1702 1408 1827 1462 potest

367 1466 533 1510 moveri,
549 1466 593 1502 Et
604 1463 656 1502 est
664 1463 826 1516 quidem
836 1464 943 1511 hujus
959 1466 1230 1518 magnitudinis
1239 1478 1376 1518 magna
1384 1478 1466 1518 pars
1475 1467 1514 1503 in
1522 1463 1726 1503 affestione
1745 1465 1828 1501 ani-

366 1521 424 1558 mi
433 1517 628 1557 collocata.
639 1519 756 1569 quam
767 1519 942 1558 conditio
952 1532 1082 1559 rerum
1094 1520 1350 1558 humanarum
1361 1522 1398 1558 in
1409 1519 1543 1558 medio
1550 1518 1668 1572 posita
1682 1517 1828 1558 confir-

367 1584 450 1611 mat
459 1572 638 1624 quidem3
655 1573 729 1611 Sed
739 1573 842 1611 Deus
854 1574 1036 1626 inprimiS‚
1047 1577 1066 1611 a
1080 1574 1192 1612 rebus
1207 1574 1352 1613 caducis
1373 1575 1420 1613 ad
1437 1586 1591 1612 aeternas
1607 1585 1790 1612 revocans
1811 1587 1822 1610 :

369 1629 409 1665 δε
428 1630 468 1665 in
490 1626 545 1664 his
560 1625 642 1677 ipsis
658 1630 834 1667 aerumnis
846 1654 858 1674 ‚
875 1641 959 1667 non
973 1629 1080 1676 raro,
1092 1630 1183 1680 himo
1203 1628 1505 1682 quotiescunque
1525 1629 1636 1667 nobis
1645 1627 1799 1680 expedit
1812 1656 1826 1672 ‚

365 1681 603 1721 subveniens.

590 1788 835 1844 XCIV.
885 1792 1617 1846 HIEROGRAPHJA.

417 1871 582 1923 Qoties
594 1873 803 1909 dicendum
813 1869 882 1915 est,
895 1872 987 1909 Solis
1001 1873 1166 1923 imagine
1176 1902 1184 1917 ‚
1205 1874 1279 1910 Dei
1289 1872 1529 1921 Majessatem
1539 1874 1559 1909 a
1576 1869 1704 1922 Mystis
1717 1871 1824 1909 exhi.

365 1925 470 1963 beri?
494 1924 609 1962 Certe
619 1937 692 1963 nec
701 1925 897 1969 obeliscus,
909 1938 1042 1963 recens
1051 1925 1104 1963 est
1113 1926 1330 1965 constantia:
1340 1927 1595 1980 animifigura.
1623 1924 1824 1977 Qemad-

365 1979 534 2018 modum
544 1980 654 2030 igitur
662 1980 697 2019 di
705 1991 742 2016 es
755 1978 825 2024 est,
834 1980 1015 2031 quamdiu
1025 2009 1035 2024 ,
1053 1979 1157 2032 supra
1165 1993 1277 2020 axem
1293 1980 1467 2020 nostrum
1478 2011 1487 2026 ‚
1503 1981 1550 2019 ab
1560 1992 1648 2018 ortu
1656 1979 1703 2017 ad
1713 1992 1806 2016 occa
1819 2005 1828 2011 -

366 2032 449 2071 sum
459 2034 646 2078 decurrit;
669 2036 719 2071 ita
727 2032 807 2072 fine
816 2033 895 2072 fine
909 2046 1040 2079 evi-unt,
1053 2037 1090 2072 ὃ(
1105 2036 1263 2087 quidem
1280 2035 1431 2074 beatiac
1443 2034 1571 2074 felices
1586 2033 1675 2073 vere
1688 2062 1699 2078 ,
1726 2045 1824 2083 quos

361 2087 487 2131 Deus,
503 2086 567 2125 Sol
578 2086 849 2132 miserationis,
865 2087 1104 2127 collustrabit.
1159 2092 1255 2128 Non
1272 2092 1377 2128 enim
1393 2102 1433 2129 ut
1443 2090 1507 2129 Sol
1517 2089 1705 2132 oritur,&
1721 2088 1826 2125 occi-

362 2142 434 2183 dit3
446 2140 510 2180 sed
519 2141 641 2180 radios
650 2141 808 2181 infinitae
816 2141 994 2181 bonitatis
1003 2142 1155 2196 semper
1164 2143 1353 2183 diffundit.
1374 2145 1478 2196 Qd
1486 2145 1598 2196 igitur
1606 2144 1705 2180 inter
1715 2154 1822 2179 mor-

361 2194 454 2232 tales
465 2194 697 2234 immortalia
710 2196 945 2235 somniamus
966 2197 976 2234 ?
1007 2210 1088 2249 quae
1105 2199 1144 2236 in
1155 2197 1333 2249 superum
1342 2198 1449 2244 sede,
1479 2197 1504 2236 si
1515 2197 1694 2250 sapimu5‚
1710 2197 1822 2233 nobis

362 2247 503 2287 certius
512 2249 707 2301 poss'umus
719 2250 890 2302 polliceri
903 2251 913 2287 ?
936 2253 1031 2289 Non
1042 2252 1095 2289 est
1103 2263 1254 2290 nomen
1264 2252 1683 2295 contemnendum,aut
1693 2252 1822 2288 omnis

312 2347 317 2351 ⁴
361 2302 411 2341 de
421 2302 522 2341 fama
537 2304 745 2353 abjicienda
762 2306 943 2356 cogitatio
959 2305 1020 2343 est.
1076 2308 1303 2346 famaenim
1314 2308 1503 2351 nominis,
1520 2307 1759 2345 incentivum
1771 2302 1825 2341 est

362 2359 532 2395 virtutis:
554 2359 665 2409 &qui
676 2359 823 2409 quidde
833 2358 869 2396 se
882 2359 1062 2398 homines
1072 2361 1234 2399 sentiant
1249 2373 1292 2398 ac
1307 2361 1536 2414 loquuntur,
1555 2361 1727 2398 omnino
1751 2372 1822 2396 ne-

361 2410 485 2464 gligit3
506 2423 591 2450 non
602 2412 754 2452 tantum
766 2412 953 2465 profligati
968 2416 1138 2454 nominis
1149 2414 1212 2458 est,
1223 2415 1286 2453 sed
1297 2417 1335 2453 &
1344 2418 1428 2454 vitae
1446 2426 1693 2466 morumque.
1748 2414 1823 2451 Sed

361 2465 473 2504 famae
485 2467 601 2518 gratia
613 2465 710 2504 velle
720 2469 872 2512 omnia,
889 2469 1059 2507 hominis
1074 2470 1160 2507 vani
1181 2467 1235 2506 est
1249 2471 1287 2507 &
1303 2468 1427 2508 futilis.
1480 2469 1545 2508 Ab
1560 2481 1649 2506 aura
1663 2467 1821 2519 popula-

359 2521 392 2558 ri
407 2548 420 2564 ,
441 2533 500 2558 res
509 2521 556 2558 ad
565 2522 700 2558 certius
710 2521 891 2568 judicium
907 2523 1139 2562 traducenda
1155 2522 1216 2561 est.
1248 2525 1294 2560 Et
1306 2536 1390 2562 non
1399 2523 1476 2562 hoc
1483 2522 1677 2575 agendum
1688 2521 1822 2560 sudan-

359 2574 547 2625 dumque,
558 2575 623 2626 qui
634 2574 847 2626 placeamus
856 2577 1012 2628 populo3
1022 2589 1058 2614 at
1067 2579 1130 2629 qui
1141 2590 1224 2615 non
1233 2579 1402 2616 omnino
1413 2591 1485 2616 nos
1495 2579 1691 2629 improbet
1705 2578 1819 2616 Deus,

360 2629 444 2667 Hac
459 2630 517 2666 via
527 2641 609 2666 non
621 2629 775 2666 nomini
788 2630 911 2668 modo
927 2634 1043 2670 decus
1057 2660 1068 2676 ‚
1080 2630 1143 2669 sed
1153 2633 1190 2669 &
1205 2633 1341 2670 animae
1355 2631 1446 2672 salus
1460 2633 1610 2684 paritur.
1671 2634 1821 2680 Qam-

358 2683 500 2720 obrem
519 2685 583 2734 qui
597 2682 675 2720 fine
684 2681 762 2720 fine
772 2695 829 2727 σε,
844 2685 948 2722 Deus
964 2701 972 2730 3
1003 2685 1045 2723 fis
1060 2687 1243 2738 propitius
1253 2718 1263 2733 ,
1274 2689 1311 2725 ὃ(
1321 2686 1411 2725 adsis
1427 2686 1538 2726 nobis
1547 2696 1750 2738 perpetuus
1761 2695 1819 2728 ,ut

357 2735 513 2787 posthac
528 2736 633 2785 (satis
643 2738 750 2775 enim
759 2749 959 2788 peccatum
968 2739 1043 2784 est)
1059 2741 1193 2778 omnia
1209 2739 1255 2778 ad
1271 2742 1442 2780 nominis
1459 2742 1512 2779 tui
1530 2740 1646 2780 divini
1655 2738 1815 2792 gloriam

363 2790 597 2830 referamus:
621 2792 659 2829 &
675 2789 912 2834 Maiestatem
922 2804 1028 2832 tuam
1037 2795 1258 2840 unanimes,
1285 2798 1325 2834 in
1341 2794 1426 2835 coeli
1438 2795 1558 2847 regia,
1574 2794 1763 2834 continuo
1779 2793 1818 2829 δί

361 2846 525 2897 perenni
534 2845 719 2885 encomio
729 2844 998 2887 collaudemus,

1556 2902 1588 2940 X
1599 2902 1630 2940 C
1641 2900 1677 2938 V
1688 2900 1738 2942 ,H
1748 2899 1762 2936 Ι
1773 2900 1817 2940 E„
