1980 3369
362 353 480 395 labra,
498 350 642 388 stamen
658 360 775 388 tenue
793 350 831 387 δε
849 360 1042 389 croceum,
1099 347 1159 386 Est
1176 346 1369 387 &rubens
1385 348 1508 388 lilium
1525 351 1617 403 quin
1627 349 1821 407 Est—purim-

362 420 484 446 reum.
516 418 566 442 ne
589 403 679 443 rosis
696 406 828 442 colore
849 405 995 442 cedant.
1054 402 1252 441 Narcii'um
1273 416 1414 442 vocant
1431 405 1584 454 majoris
1600 434 1610 450 ‚
1634 400 1698 443 sed
1714 407 1824 444 unius

362 461 475 499 bulbi.
543 461 597 496 Ita
612 459 802 511 quaedam,
819 470 861 496 ut
870 457 937 496 nisi
953 459 1096 502 finnus,
1114 457 1161 496 de
1177 456 1275 494 Liliis
1285 470 1366 509 quae
1382 459 1499 497 oculis
1520 471 1652 510 patent
1666 487 1676 502 ,
1699 458 1825 497 confi-

361 515 585 554 deravimus.
640 515 830 551 Penitiora
845 515 997 550 Naturae
1015 542 1025 557 ,
1050 514 1088 549 ὃς
1111 513 1305 550 devinctus
1322 513 1427 551 insita
1440 543 1452 559 ,
1483 516 1627 565 promit
1643 513 1821 555 Galenus,

361 573 424 608 Ac
440 568 600 621 quidem
610 599 618 614 ‚
633 567 724 619 quid
739 570 890 606 Naturae
900 569 937 604 ἃ
947 568 1111 619 paCtium
1128 565 1399 612 consideratio,
1410 569 1550 606 adrem
1559 568 1824 619 afferat‚cepe-

361 637 445 662 ram
457 623 594 661 dicere.
626 626 719 675 Qoe
727 623 833 674 quod
843 625 1036 673 generica,
1047 623 1085 658 ὅ(
1098 621 1144 658 ab
1155 623 1305 665 omnia,
1316 620 1413 659 ratio
1423 625 1610 674 pertineat
1622 639 1630 667 3
1643 623 1824 673 explore-

362 691 448 717 mus
459 690 575 720 nunc,
586 690 667 728 quae
681 676 875 728 peculiaris
886 675 1011 713 cauffae
1028 674 1068 712 sit
1083 675 1173 713 Lilia
1181 687 1290 727 agros
1305 675 1504 721 decentia,
1521 675 1823 727 contemplandi,

362 732 568 771 Obleelant
578 731 723 775 oculos,
734 733 771 768 δε
784 730 939 782 profuso
954 731 1076 768 odore
1086 759 1097 774 ‚
1108 742 1217 768 nares
1228 742 1384 781 quoque
1394 731 1630 769 demulcent.
1641 732 1715 769 Sed
1727 729 1824 769 daim

361 785 486 825 sensus
496 785 753 837 titillant‚quo
764 785 868 823 sensti
877 785 922 823 ad
932 786 1105 822 animum
1122 783 1318 822 transeunt
1340 784 1349 820 ?
1405 787 1584 824 Numinis
1602 786 1821 823 reverentia

360 839 540 894 perfusos.
553 839 748 892 desperare
766 851 895 878 vetant
906 852 1070 890 egenos:
1093 839 1280 876 luxuriare
1301 840 1443 877 divites.
1486 842 1588 877 Nam
1602 853 1690 877 curn
1705 838 1824 876 Lilio-

361 909 450 934 rum
466 895 606 933 divitias
616 894 785 944 adaequet
793 893 923 931 labore
934 906 1056 931 nemo
1068 910 1076 938 3
1087 892 1179 944 quid
1189 892 1226 929 hi
1235 892 1271 929 se
1281 891 1468 931 efferent?
1487 906 1549 931 aut
1560 893 1612 932 isti
1623 893 1822 932 immode-

360 949 441 988 rate
452 949 576 986 ferent
585 948 782 986 fortunam
794 948 803 984 ἓ
814 961 928 999 quam
938 960 1075 999 potens
1085 960 1216 984 rerum
1227 947 1408 985 dominus
1424 948 1544 986 subit&
1557 961 1717 993 mutare,
1728 950 1765 985 &
1775 948 1824 985 ab

359 1005 416 1042 his
425 1003 471 1042 ad
486 1003 568 1040 illos
579 1002 780 1040 transferre
794 1000 940 1054 potest?
955 1015 1028 1040 nec
1041 1001 1125 1039 rarc‘)
1147 1000 1263 1038 solet?
1287 1002 1476 1054 Magnum
1493 1005 1530 1040 ὅ(
1541 1004 1639 1041 όιὲὶυ
1650 1002 1770 1041 manis
1785 1003 1825 1040 in

359 1070 563 1109 utramque
574 1068 734 1109 partem,
743 1057 789 1094 ad
799 1056 1148 1095 confirmationem
1156 1057 1287 1102 animi,
1303 1070 1407 1095 nuuc
1423 1059 1589 1097 nimium
1613 1058 1798 1110 torpentis
1811 1084 1824 1101 ,

361 1125 465 1152 nunc
473 1113 611 1164 paritet
623 1110 755 1156 lascivi,
765 1122 972 1149 momentu
978 1125 1052 1150 nh.
1522 1119 1533 1125 ’

631 1220 763 1274 XC.
817 1220 1546 1276 HIEROGRAPHIA.

413 1323 517 1374 Qid
533 1323 572 1359 in
588 1332 766 1359 mentem
775 1323 925 1359 venerit
939 1322 1078 1367 Plinio,
1091 1325 1128 1360 &
1145 1322 1471 1374 quihuncsecutus
1494 1323 1568 1368 est,
1591 1322 1761 1368 Galeno,
1781 1332 1827 1361 ut:

362 1375 569 1415 scriberent
583 1378 811 1426 Viperarum
828 1376 1066 1428 catulos,per
1084 1379 1213 1415 matris
1231 1377 1371 1416 viscera
1385 1381 1423 1415 in
1437 1379 1581 1415 Lucem
1601 1389 1706 1420 enirn
1723 1380 1824 1415 Mat-

361 1431 502 1469 thiolus
518 1431 709 1482 comperit
721 1429 786 1468 usu
804 1442 1024 1476 veritatem,
1041 1433 1079 1469 ὃ(
1091 1432 1251 1476 catulos,
1262 1445 1351 1470 cum
1367 1431 1539 1483 praeclara
1551 1433 1824 1483 genetricem-

361 1486 537 1524 columes
558 1484 828 1536 depraehendit.
887 1486 1249 1537 quemadmodum-⁵
1267 1486 1355 1523 ante
1382 1486 1599 1538 Apolonius
1629 1487 1818 1537 TyaneuS.

361 1539 450 1577 Nee
466 1538 685 1577 Aristoteles
694 1537 817 1577 scribit
825 1538 962 1577 viscera
971 1540 1178 1592 perrodere
1188 1570 1199 1585 ‚
1209 1541 1271 1578 sed
1282 1541 1553 1579 membranam
1566 1541 1684 1592 quain
1700 1552 1820 1578 utoro

361 1595 492 1633 matris
510 1593 770 1631 obvolvuntur
780 1623 790 1638 ‚
802 1606 843 1632 ut
858 1595 962 1631 citius
972 1598 1010 1633 in
1026 1594 1153 1632 lucem
1163 1597 1352 1646 prodeant
1367 1595 1444 1632 :illa
1454 1597 1561 1634 enim
1572 1594 1735 1646 singulos
1748 1593 1824 1632 sin-

360 1649 454 1701 gulis
473 1648 603 1686 diebus
617 1649 720 1699 parit.
774 1648 963 1700 vulgatam
984 1649 1147 1687 fabulam
1173 1649 1318 1687 secutus
1341 1648 1394 1686 est
1409 1649 1530 1699 Mysta
1545 1679 1557 1694 ‚
1586 1651 1691 1701 quod
1707 1649 1825 1700 vulgo

363 1706 404 1742 δε
423 1702 535 1750 scene
552 1702 701 1747 serviat,
717 1700 863 1740 volenti
878 1705 994 1755 magis
1004 1716 1248 1755 nova‚quam
1259 1704 1379 1742 bona:
1400 1706 1542 1741 amanti
1561 1705 1686 1741 minus
1709 1715 1824 1747 vera,

360 1758 480 1810 quam
501 1755 723 1795 verisimilia.
772 1759 818 1794 Et
847 1760 1015 1796 attonitis
1043 1758 1228 1796 miraculo
1251 1760 1304 1795 rei
1331 1773 1339 1796 :
1381 1758 1471 1810 quid
1493 1758 1603 1796 enim
1631 1758 1823 1810 indignius

360 1812 481 1864 quam
496 1812 543 1850 ab
557 1813 612 1849 his
628 1813 784 1863 perimi,
799 1812 931 1863 quibus
941 1815 1059 1851 vitam
1071 1814 1219 1851 dederis
1232 1813 1240 1849 ἓ
1252 1811 1482 1850 sententiam
1491 1811 1820 1863 occinit,plaufibi-

360 1865 441 1904 lem
453 1867 491 1903 &
507 1879 639 1904 veram
654 1881 662 1903 :
690 1866 846 1918 Ingratis
863 1866 999 1904 lei-vire
1015 1867 1127 1905 nefas.
1144 1879 1184 1904 ut
1196 1867 1396 1906 sentiamus
1407 1868 1516 1919 ,quid
1526 1865 1667 1904 sentiat.
1684 1879 1823 1918 quem-

361 1921 579 1959 admodum
596 1920 770 1959 videmus
788 1949 799 1965 ,
827 1922 934 1972 quod
949 1920 1231 1959 commonstrat
1249 1936 1258 1965 3
1289 1922 1493 1959 Parentum
1512 1921 1599 1972 erga
1611 1933 1683 1959 nos
1700 1923 1822 1958 meru.

360 1987 400 2012 ta
413 1975 626 2013 recolamus
641 1974 811 2026 primum
834 1991 841 2013 :
871 1975 891 2011 ii
908 1976 1040 2027 quibus
1061 1976 1200 2014 deinde
1216 1986 1446 2026 parentum„—
1460 1976 1695 2027 indulgentia
1714 1974 1822 2013 habi-

361 2030 391 2066 ti
406 2045 413 2066 z
442 2029 638 2080 postremd
655 2033 837 2068 omnium
854 2058 863 2073 ,
884 2032 1016 2081 quibus
1033 2031 1160 2082 aliquo
1177 2028 1367 2067 beneficio
1385 2030 1549 2068 devmffi
1573 2031 1709 2068 [umus.
1764 2033 1824 2068 Sic

361 2083 499 2121 seilicet
514 2113 524 2128 ,
541 2097 591 2121 ne
618 2082 771 2122 infanda
793 2083 995 2122 faciamus:
1026 2085 1136 2122 nobis
1156 2084 1278 2136 prima
1300 2086 1369 2123 erit
1386 2086 1523 2123 cautio.
1564 2085 1739 2122 Proxima
1751 2085 1823 2120 erit

361 2140 403 2176 in
422 2137 589 2182 delectu,
609 2139 664 2176 his
685 2137 815 2176 famuli
833 2154 841 2176 :
872 2138 938 2175 illis
954 2137 1130 2184 domini,
1149 2140 1331 2175 omnibus
1349 2141 1469 2176 amici.
1520 2139 1690 2176 Multum
1714 2151 1824 2176 enim

361 2190 427 2229 hic
443 2204 627 2243 peccatur.
645 2194 682 2230 ὅ(
698 2192 740 2229 fit
762 2222 773 2237 ,
797 2204 838 2230 ut
861 2192 1015 2231 infanda
1040 2196 1227 2244 patiamur
1261 2205 1344 2230 non
1356 2222 1365 2237 ,
1383 2194 1515 2244 quibus
1530 2192 1795 2231 malefecimus
1811 2221 1824 2236 ,

362 2244 429 2284 sed
445 2248 483 2284 in
497 2259 593 2298 quos
608 2246 707 2285 male
725 2246 912 2285 beneficia
931 2247 1164 2285 contulimus
1210 2245 1268 2284 Est
1289 2249 1446 2298 quidem
1458 2247 1506 2285 de
1522 2247 1702 2285 omnibus
1721 2246 1822 2284 bene

361 2301 672 2352 promerendum
684 2331 694 2346 ‚
711 2301 816 2352 quod
826 2301 1005 2339 homines
1020 2300 1325 2353 fint.quanquam
1339 2303 1394 2340 vir
1410 2315 1492 2339 non
1508 2302 1731 2353 imprudens
1754 2304 1821 2339 be-

361 2354 528 2399 nefacsta,
551 2355 650 2392 male
667 2355 870 2401 collocata,
888 2355 1084 2394 malefac'la
1108 2354 1304 2393 existimet.
1359 2355 1434 2393 Sed
1455 2357 1665 2395 videndum
1685 2357 1822 2407 quibus

362 2422 454 2446 cum
476 2408 657 2461 possimus
676 2410 936 2449 coleascervz
968 2412 1059 2448 &in
1089 2412 1317 2448 interiorem
1337 2409 1629 2449 familiaritatem
1650 2408 1820 2447 transire.

362 2466 459 2501 Sunt
477 2465 584 2501 enim
606 2464 786 2502 hommes
801 2466 937 2511 invidi,
959 2464 1132 2517 maligni,
1149 2466 1301 2516 ingrati,
1317 2465 1356 2501 in
1373 2464 1505 2516 quibus
1521 2464 1816 2503 nihilesthomi-

362 2518 420 2555 nis
437 2529 570 2569 praeter
589 2517 769 2556 formam.
803 2521 841 2557 &
857 2518 934 2557 haec
944 2519 1003 2559 vel
1014 2520 1091 2571 pilo
1100 2518 1206 2563 rufo,
1222 2518 1281 2556 vel
1299 2517 1392 2556 facie
1409 2518 1552 2564 adusta,
1567 2519 1626 2557 vel
1636 2519 1724 2556 felle
1732 2531 1820 2571 per-

360 2570 429 2610 fusi
442 2601 453 2616 ‚
467 2573 529 2611 vel
539 2573 657 2610 corde
673 2572 817 2611 asinino
827 2603 836 2618 ,
846 2573 905 2611 vel
917 2572 1045 2612 fronte
1057 2575 1210 2617 canina,
1225 2571 1285 2611 vel
1301 2572 1422 2624 aliqua
1441 2574 1607 2626 denique
1616 2573 1684 2611 alia
1697 2584 1821 2612 nota..

360 2637 463 2666 noti,
480 2628 519 2664 ὅ(
535 2625 755 2673 deformati,
805 2627 867 2665 Ab
886 2628 940 2666 his
955 2629 1050 2666 mihi
1068 2640 1156 2666 cave
1171 2628 1293 2679 inquit
1306 2626 1435 2678 Mysta.
1463 2631 1565 2666 Nam
1575 2630 1726 2680 ingratis
1744 2627 1820 2665 ser-

360 2682 440 2719 vire
458 2683 511 2718 uti
527 2682 689 2720 noxium
712 2711 722 2726 ,
744 2683 793 2719 ita
807 2681 922 2719 nefas.
1018 2683 1080 2721 uid
1105 2683 1212 2720 enirn
1233 2681 1309 2719 hoc
1322 2681 1420 2722 aliud
1438 2681 1509 2726 est,
1527 2685 1642 2734 quiim
1663 2682 1819 2720 salutem

360 2734 478 2778 suam,
489 2747 603 2787 quam
620 2737 730 2776 nobis
741 2748 872 2774 natura
880 2747 1081 2787 tantopere
1092 2735 1384 2775 commendavit
1393 2766 1403 2781 ,
1416 2738 1581 2788 prodere
1595 2737 1604 2774 ἒ
1616 2739 1724 2775 Nero
1735 2748 1818 2774 non

362 2790 533 2841 pepercit
544 2792 707 2840 parenti:
740 2794 824 2830 Nec
841 2790 969 2829 hercle
986 2793 1106 2829 Lenas
1121 2802 1295 2843 patrono.
1330 2803 1393 2828 aut
1403 2793 1535 2829 Brutus
1544 2791 1693 2834 Caesari,
1709 2791 1819 2840 aquo

363 2855 480 2883 etiam
494 2843 609 2882 haeres
627 2843 718 2883 effet
738 2845 905 2897 scriptuS,
959 2846 1060 2885 Tam
1073 2844 1323 2885 inti-aecabiles
1345 2845 1557 2888 hominum
1574 2845 1693 2884 animi
1711 2846 1818 2886 lunt,

1773 2908 1817 2935 ut
