1980 3369
333 258 417 319 ἶς’
662 323 881 395 Qts
957 323 1317 375 DICERE
1393 326 1581 377 LAu-

1053 420 1214 455 DES.

486 494 590 545 Quis
617 492 741 531 dicere
764 493 921 538 laudes,
946 494 1074 542 inquit
1098 495 1360 545 Symbolum,
1389 493 1548 544 supple,
1572 496 1786 546 Margarita:
1811 509 1885 547 po·

339 549 426 588 test?
483 550 702 599 Margaritae
722 560 854 587 autem
882 549 1051 586 uniones
1075 560 1289 593 vocantur,
1303 562 1348 587 ex
1372 552 1514 599 quibus
1534 551 1684 588 constat
1705 564 1855 589 corona
1871 580 1883 596 .

339 604 497 643 Alludit
519 605 566 643 ad
591 617 741 642 nomen
776 605 908 643 uxoris
931 603 1108 653 Princeps
1145 605 1348 643 Emanuel.
1415 605 1489 642 Sed
1510 607 1612 644 unde
1637 607 1786 645 laudari
1813 620 1885 656 po-

339 660 408 697 test
431 660 702 710 Margaretha?
737 659 775 697 A
791 658 881 704 fide,
902 657 976 707 spe,
1001 659 1213 704 charitate,
1235 662 1400 708 pietate,
1426 662 1464 697 ὅ(
1490 662 1689 711 religione:
1746 663 1835 700 Hrec
1846 674 1884 699 e-

338 717 423 753 nim
446 727 538 752 crux
561 716 628 752 illa
651 715 812 752 indicat.
868 712 1056 752 Deindea
1080 715 1303 758 mundicie,
1341 714 1597 763 simplicitate,
1627 716 1885 766 pulchritudi-

340 783 392 809 ne
421 772 590 814 eximia,
615 780 702 819 quae
730 769 780 807 ab
808 770 1040 813 unionibus,
1061 780 1129 807 aut
1163 772 1378 820 margaritis
1409 771 1646 812 indicantur.
1716 773 1755 809 A
1780 774 1884 822 regia

337 826 548 872 majestate,
572 838 694 873 quam
716 837 866 862 corona
888 824 1066 869 ostendit,
1121 828 1159 864 ὅ(
1185 827 1233 863 ab
1255 826 1468 875 elegantia,
1492 824 1733 875 morumcfiue
1755 829 1884 864 comi-

337 891 416 919 tate
439 893 484 919 ac
505 880 831 924 mansuetudine,
858 893 934 927 qua
956 880 1037 918 haec
1059 880 1212 919 Ducissa
1237 890 1375 918 ornata
1400 880 1486 917 fuit.
1553 883 1642 934 Q!
1663 883 1714 920 lS
1750 884 1884 930 itaque

336 936 377 974 D
394 936 455 974 [C
468 937 537 983 ER
551 937 578 974 E
624 937 658 973 L
676 936 714 973 A
729 936 765 973 V
780 936 816 971 D
831 936 857 972 E
874 936 897 972 S
935 947 1028 973 meae
1053 936 1307 987 Margarethae
1322 936 1464 984 potcst;
1494 938 1550 973 ait
1562 939 1740 975 Maritus
1805 938 1883 975 Ve-

334 1003 424 1030 rum
448 993 484 1039 ὃς
513 991 592 1029 hoc
619 991 746 1028 modo
770 991 935 1040 intelligi
950 992 1205 1041 Hierographi
1211 1005 1227 1028 a
1246 993 1394 1040 potest?
1430 992 1545 1042 Ql
1562 992 1584 1029 S
1630 992 1666 1028 D
1681 994 1694 1029 1
1711 992 1744 1029 C
1759 993 1786 1030 E
1804 993 1838 1030 R
1853 992 1883 1029 E

336 1048 372 1085 L
389 1047 427 1084 A
441 1047 566 1094 VDE
581 1046 605 1083 S
643 1045 896 1095 Margarethae
906 1045 1054 1095 potest?
1081 1060 1204 1098 quaei
1179 1047 1330 1085 sincero
1353 1044 1535 1096 puroque
1555 1059 1693 1085 amore
1710 1046 1821 1085 suum
1843 1060 1881 1085 a-

334 1113 418 1140 mat
441 1091 616 1150 colitque
640 1102 849 1145 Maritum,
873 1113 917 1138 ac
931 1101 1077 1151 semper
1098 1105 1206 1140 cordi
1222 1103 1414 1140 inclusum
1435 1101 1666 1140 conservat·
1657 1125 1668 1142 2
1703 1104 1784 1140 Aut
1805 1103 1881 1140 fin-

334 1159 490 1195 ceritate
522 1154 765 1206 puritateque
794 1158 920 1194 cordis
946 1158 1101 1205 (quam
1128 1161 1298 1196 uniones
1330 1158 1556 1207 designant)
1573 1169 1725 1195 crucem
1740 1158 1883 1195 Domi·

334 1214 378 1251 ni
410 1213 617 1250 Salvatoris
648 1210 808 1260 ejusque
832 1224 982 1249 nornen
1010 1216 1048 1250 &
1075 1215 1364 1251 memoriamin
1385 1213 1588 1262 pectoreD
1565 1214 1677 1250 verit:
1694 1209 1884 1250 Hebraic&

334 1269 443 1305 enim
468 1268 495 1304 E
513 1268 546 1305 L
572 1267 704 1304 Deum
727 1266 925 1316 significat.
989 1267 1242 1306 Consecravit
1256 1279 1387 1317 itaque
1409 1280 1524 1306 uxori
1546 1267 1651 1305 hanc
1672 1268 1881 1326 Hieroota·

332 1323 486 1374 pinam,
508 1320 665 1372 eiusque
679 1324 856 1361 virtutem
875 1323 1078 1372 piopalare
1101 1324 1240 1362 voluit.

705 1434 891 1485 NEC
970 1435 1509 1488 DEGENERO.

484 1541 540 1579 ‘Vt
569 1540 724 1578 arbores
757 1541 937 1590 quaedam
965 1540 1171 1580 fruffifcrae
1209 1543 1309 1579 inter
1346 1542 1446 1580 alios
1481 1542 1650 1585 fruetus,
1686 1540 1881 1578 interdum

331 1595 544 1645 insipidos,
570 1608 762 1640 exuccos,
788 1595 946 1646 esuicfiue
974 1598 1129 1634 inutiles
1162 1598 1302 1635 ferunt:
1324 1599 1377 1634 ita
1413 1599 1530 1634 etiam
1565 1606 1739 1646 parentes
1775 1597 1880 1645 opti·

329 1653 386 1689 mi
407 1662 472 1689 aut
484 1650 764 1700 prudentissimi
785 1652 951 1700 ineptos,
966 1651 1183 1702 pravosq'ue
1205 1652 1581 1703 filios,genitoribus
1600 1651 1751 1702 prorsus
1771 1650 1879 1688 dissi·

329 1707 454 1745 miles.
477 1707 643 1744 Proinde
656 1706 728 1744 hac
741 1707 1024 1757 Hic-rographia
1041 1708 1207 1745 Carolus
1221 1709 1299 1746 dux
1325 1709 1542 1747 ostendisse
1553 1709 1572 1745 a
1586 1709 1808 1757 parentibus
1821 1718 1877 1744 rc-

326 1774 415 1800 rum
427 1763 618 1813 gestarum
647 1762 771 1812 gloria
794 1763 902 1800 claris
918 1774 1152 1813 prognatum
1167 1765 1214 1801 ab
1235 1766 1276 1809 ijs
1299 1776 1382 1801 non
1395 1765 1624 1813 degenerare
1637 1790 1647 1806 ,
1664 1761 1722 1800 sed
1738 1764 1878 1800 animo

328 1821 533 1862 moribus,
558 1830 603 1855 ac
624 1820 762 1857 virtute
785 1819 862 1855 illis
881 1830 963 1856 tam
985 1818 1164 1863 similem,
1179 1819 1301 1868 quam
1324 1820 1474 1857 avicula
1491 1831 1572 1858 ovo
1595 1817 1770 1862 exclusa,
1788 1829 1879 1866 pto-

327 1876 499 1922 gcnitori
530 1872 622 1911 su0;
654 1874 772 1911 Hunc
797 1875 1003 1922 principes,
1019 1877 1086 1923 qui
1118 1886 1294 1924 parentes
1330 1877 1519 1911 omnibus
1536 1875 1735 1911 virtutibus
1759 1884 1880 1909 orna-

327 1939 390 1965 tos
414 1929 647 1972 habuerunt,
673 1929 816 1964 imitari
837 1930 979 1966 debent
994 1957 1004 1973 ‚
1031 1943 1076 1968 ac
1099 1941 1304 1979 parentum
1327 1930 1480 1980 vestigia
1507 1929 1624 1979 sequi,
1642 1941 1690 1965 nc
1711 1928 1877 1979 degene-

326 1995 414 2035 rent
429 2012 441 2030 ,
457 1984 661 2034 acindigni
676 1984 900 2033 parentibus
912 1983 989 2022 suis
1003 2012 1014 2030 ‚
1048 1987 1097 2023 ab
1111 1986 1244 2023 alieno
1263 1985 1404 2023 exclusi
1419 1998 1501 2023 ovo
1517 1987 1730 2023 videantur.

613 2096 989 2158 PRAEMIO
1066 2096 1185 2147 ET
1260 2097 1571 2147 POENA.

483 2201 735 2251 Conspicitur
759 2202 822 2240 hic
859 2203 997 2252 palmae
1029 2204 1068 2241 δε
1104 2204 1198 2242 oleae
1227 2215 1358 2242 ramus
1394 2204 1603 2241 diademati
1637 2202 1876 2241 transversim

328 2257 534 2307 immissus,
551 2268 711 2306 [iterque
734 2259 898 2307 vie‘toriae
910 2258 1061 2308 signum
1075 2260 1139 2297 est.
1210 2260 1271 2296 De
1286 2259 1414 2308 palma
1431 2271 1515 2295 non
1531 2259 1738 2302 dubitatur,
1754 2258 1813 2295 sed
1827 2261 1876 2295 de

326 2314 430 2355 olea,
453 2325 532 2361 qua
557 2323 690 2350 tamen
712 2314 843 2351 Plinio
869 2314 959 2351 teste
981 2314 1239 2352 Athenienses
1266 2315 1430 2351 viCtores
1453 2314 1761 2351 coronabantur.
1817 2313 1872 2350 A.

326 2368 400 2406 lias
428 2370 532 2416 pacis
561 2368 713 2418 signum
740 2369 805 2408 est.
872 2369 1021 2407 Verum
1045 2370 1093 2407 ad
1126 2370 1307 2421 Symboli
1330 2371 1633 2419 explicationem
1657 2381 1796 2418 parurn
1819 2381 1872 2405 re·

325 2424 411 2462 fert,
426 2436 523 2471 num
539 2434 704 2472 pax‚aut
719 2424 877 2462 viCtoria
893 2424 1140 2474 significetur.
1196 2427 1303 2463 Nam
1317 2425 1495 2463 diadema
1509 2424 1804 2474 regium,(quod
1815 2436 1871 2460 re-

325 2491 451 2530 gnum
463 2479 523 2516 vel
535 2479 820 2528 rempublicam
833 2480 1115 2530 defignar‚)five
1126 2480 1162 2517 id
1175 2480 1337 2518 victoria
1353 2492 1506 2530 partum
1525 2480 1588 2524 fit,
1607 2479 1683 2518 five
1697 2480 1777 2516 alio
1790 2482 1873 2525 jure

324 2535 495 2584 Principi
537 2532 755 2573 advenerit:
793 2545 835 2573 ut
865 2534 1112 2573 conservetur
1141 2538 1180 2573 ὃς
1205 2535 1342 2573 floreat
1364 2564 1375 2580 ,
1412 2538 1572 2585 praemio
1604 2537 1642 2572 ὅς
1679 2547 1796 2584 poena
1829 2546 1872 2571 ο-

325 2601 396 2639 pus
419 2589 558 2628 habet:
616 2591 774 2628 Praemia
792 2592 898 2641 enim
921 2593 1110 2634 invitant,
1125 2589 1370 2640 incitantc'1ue
1392 2591 1600 2629 hominem
1615 2591 1663 2628 ad
1678 2592 1871 2634 virtutem,

323 2657 452 2694 poenae
465 2647 652 2683 deterrent
673 2644 695 2683 ὲ
719 2647 831 2691 vitijs.
888 2647 925 2684 Si
951 2649 1072 2690 enim,
1090 2647 1180 2683 teste
1201 2646 1416 2692 Cicerone,
1440 2649 1481 2684 in
1504 2647 1701 2696 republica
1726 2657 1798 2683 nec
1818 2657 1870 2682 rc-

323 2700 383 2738 ἃὲ
405 2701 515 2738 fastis
540 2702 694 2750 praemia
712 2712 845 2738 extent
874 2702 976 2744 ulla,
1003 2715 1074 2740 nec
1099 2701 1282 2751 supplicia
1316 2703 1499 2751 peccatis:
1532 2713 1663 2749 neque
1696 2701 1868 2743 domus,

322 2768 452 2804 neque
482 2756 695 2805 respublica
727 2757 820 2794 stare
853 2758 990 2804 potcst.
1074 2759 1184 2795 Nam
1217 2758 1316 2794 boni
1337 2757 1569 2807 &rempub
1607 2759 1804 2803 juvantes,
1843 2754 1871 2794 si

323 2811 415 2849 defit
441 2814 667 2861 praemium,
704 2824 791 2849 eam
821 2813 1044 2862 negligunt,
1068 2825 1113 2850 ac
1139 2815 1258 2861 perire
1280 2812 1424 2850 finum.
1564 2813 1663 2850 Mali
1687 2812 1713 2850 si
1745 2813 1871 2859 impu-

324 2878 374 2919 ne
397 2865 534 2905 scelera
558 2869 754 2906 committi
775 2866 880 2916 posse
905 2868 1418 2912 animadvertunt‚tandcm
1442 2880 1501 2913 ea,
1515 2869 1659 2917 quibus
1685 2867 1786 2904 salus
1799 2867 1870 2902 rei·

1772 2921 1866 2971 pub:
