1980 3369
338 233 363 264 Ι
417 231 464 266 2·

337 230 437 322 οἵη]
449 280 567 321 vesica
582 280 727 330 lapides
751 290 999 329 generantur.
1038 277 1337 330 Dignoseuntur
1356 280 1589 320 extrinsecus
1603 281 1868 331 eonchae‚quae

334 339 561 389 margaritas
579 335 794 386 proferunt:
828 335 935 373 Cum
954 337 1059 374 enim
1080 335 1249 385 pulchrae
1270 336 1515 382 extrinsecus,
1530 341 1567 375 δε
1581 336 1679 375 bene
1691 338 1869 376 formatae

336 394 438 436 sunt,
451 393 665 442 margaritis
682 400 827 433 carent,
840 391 937 428 dum
949 391 1146 435 tuberosae,
1161 392 1383 440 inaequales,
1398 404 1443 430 ac
1462 393 1655 431 morbosae
1675 393 1869 441 quodam-

335 450 460 488 modo
473 447 579 485 sunt:
598 457 682 485 tum
694 448 864 489 uniones
878 447 1039 488 habent.
1103 448 1245 487 Parum
1260 446 1388 490 refert,
1403 447 1513 496 quod
1527 449 1725 498 vulgarem
1738 447 1812 484 hac
1822 448 1871 485 de

333 517 371 553 re
385 504 625 553 opinionem
639 502 767 552 Mysta
780 501 962 550 sequutus
976 502 1030 546 (it,
1044 501 1269 540 dummodo
1283 503 1570 552 Hierographiae
1580 505 1773 553 genuinus
1788 501 1870 540 sen-

333 558 394 597 sus
408 557 637 597 innotescat:
683 558 739 595 Vt
749 559 857 595 enim
870 559 1065 596 unionem
1079 570 1241 606 parvum
1256 560 1293 595 δε
1306 558 1437 602 vilem,
1452 560 1553 597 Solis
1564 562 1601 596 δ(
1614 560 1710 595 roris
1720 556 1868 595 benefi-

334 614 412 658 cio,
427 613 598 657 crescere,
613 614 758 663 augeri,
775 615 813 650 &
829 613 1157 661 pulchritudinem
1173 641 1183 657 ‚
1209 611 1466 661 valoremc'lue
1490 616 1714 651 maximum
1734 615 1871 661 acqui«

331 682 410 708 rere
422 679 543 720 putat.
582 670 636 705 ita
661 668 710 711 se,
724 680 844 717 quem
871 678 1024 717 propter
1037 678 1183 705 :etatem
1196 668 1421 712 juvenilem,
1437 671 1578 706 unioni
1601 671 1745 718 exiguo
1762 680 1869 705 com·

332 735 457 776 parat,
471 723 632 766 tandem
654 734 760 763 aetate
785 726 822 761 ὅ(
838 725 952 764 annis
972 725 1100 773 (quos
1115 724 1182 760 Sol
1194 722 1384 770 describit)
1398 722 1870 772 au&um‚bonat'1ueedu·

330 778 501 824 catione,
513 776 805 828 virtutibuswe,
819 788 1012 828 tanquam
1027 791 1116 817 rore
1129 778 1340 828 perfusum,
1353 781 1479 816 virum
1494 780 1762 822 excellentem,
1786 791 1872 816 ma-

330 834 479 887 gnit'lue
495 837 597 884 pretii
621 834 706 872 fore
729 836 927 883 promittit.
974 835 1177 884 Eleganter
1191 832 1381 883 profesto:
1397 836 1567 873 uniones
1588 837 1710 879 enim,
1730 843 1770 871 ut
1782 846 1871 872 cor-

332 904 441 942 pore,
456 890 660 941 splendore
673 902 717 928 ac
733 891 909 940 puritate:
925 891 974 928 ita
990 892 1110 939 pretio
1130 889 1315 929 crescunt.

510 1002 675 1054 CHE
736 1003 836 1054 MI
898 1002 1058 1058 on
1116 1002 1266 1065 FAR
1330 1002 1416 1053 DI
1474 1002 1693 1054 VERA

859 1097 1098 1163 GLOR'IA
1158 1097 1355 1132 LIETA.

445 1214 595 1287 Qu
650 1215 766 1264 ME
820 1157 1393 1264 POTE}‡·VERA
1441 1212 1757 1264 GLORIA

794 1308 1105 1343 FOELICEM
1163 1308 1412 1348 FACERE..

471 1367 539 1405 Sol
555 1366 869 1416 seinspicientem
891 1368 1068 1416 aquilam
1093 1367 1217 1417 potest
1237 1379 1325 1405 vera
1338 1368 1462 1418 gloria
1476 1367 1649 1404 foelicem
1668 1367 1812 1406 facere,
1827 1375 1871 1403 ut

330 1423 570 1473 Symbolum
584 1417 716 1461 italice
729 1424 793 1460 ait.
853 1423 957 1461 Vera
971 1423 1096 1473 gloria
1120 1422 1186 1461 hic
1199 1423 1249 1460 est
1270 1435 1327 1466 ea,
1344 1435 1465 1472 quam
1478 1425 1607 1466 virtus,
1620 1425 1657 1460 &
1670 1423 1870 1462 bonarum

330 1479 536 1516 actionum
551 1480 684 1517 merita
699 1480 869 1528 pariunt,
885 1490 930 1516 ac
951 1479 1017 1516 Sol
1032 1479 1194 1516 coelestis
1210 1481 1248 1516 &
1273 1477 1463 1521 summus,
1478 1478 1632 1516 visibilis
1645 1478 1747 1515 Solis
1764 1478 1870 1527 geni·

328 1536 546 1574 tot-tribuit.
609 1533 782 1572 Animus
803 1535 935 1582 itaque
963 1535 1216 1572 nobilissimae
1234 1534 1411 1572 foeminae
1431 1533 1678 1583 summopere
1702 1534 1870 1570 laudan,

328 1590 414 1632 dus,
431 1588 540 1639 quod
556 1588 701 1639 semper
712 1590 843 1627 Deum
857 1592 1132 1638 contemplari,
1146 1602 1190 1627 ac
1214 1590 1261 1627 ad
1284 1590 1396 1627 illum
1411 1588 1446 1627 se
1469 1600 1630 1632 vertere,
1644 1599 1778 1639 utpote
1800 1588 1870 1637 qui

327 1657 473 1682 omnes
494 1648 636 1683 mentis
657 1646 837 1683 tenebras
860 1645 1060 1689 illustrare,
1088 1648 1125 1683 &
1140 1647 1375 1687 illuminare,
1390 1645 1581 1693 illamque
1605 1644 1729 1682 solam
1742 1645 1871 1682 laetam

327 1700 476 1741 efficere
490 1701 623 1750 potest,
640 1702 744 1741 velit.
803 1698 925 1750 Qod
936 1701 960 1737 fi
975 1703 1062 1747 quis
1075 1702 1206 1738 Solem
1221 1702 1403 1738 maritum
1418 1701 1630 1750 intelligere
1643 1701 1760 1749 cupit,
1784 1711 1870 1737 non

328 1754 433 1793 male
444 1766 614 1805 exponet
626 1758 965 1806 Hierographiam:
981 1757 1055 1794 fuit
1075 1758 1181 1794 cuim
1206 1757 1334 1793 mariti
1347 1756 1628 1798 amantissima,
1643 1758 1711 1803 qui
1723 1754 1815 1793 cum
1827 1756 1870 1791 in

324 1810 559 1860 Hispaniam
582 1812 778 1861 profectus
803 1811 938 1855 fuisset,
955 1812 1058 1849 hanc
1082 1813 1136 1849 illi
1156 1811 1482 1861 Hierographiam
1506 1810 1640 1849 mislffe
1658 1812 1812 1854 dicitur,
1828 1819 1870 1847 ut

324 1867 539 1904 ostenderet
554 1867 587 1904 se
603 1866 747 1915 absque
769 1867 885 1916 ipsius
909 1869 1038 1916 copia,
1063 1870 1100 1905 ὅ(
1117 1867 1309 1917 praesentia
1324 1896 1334 1910 ,
1360 1879 1491 1905 verum
1506 1868 1694 1916 gaudium
1710 1866 1869 1903 nullum

325 1924 468 1960 habere
482 1923 597 1972 poffe.
655 1923 738 1965 Fuit
761 1924 826 1960 illa
844 1923 939 1968 filia,
957 1924 1078 1960 Ducis
1105 1924 1250 1960 S.Petri
1268 1925 1307 1960 in
1322 1923 1519 1966 Calatina,
1551 1935 1595 1960 ex
1623 1921 1869 1960 nobilissima

323 1972 571 2026 Epirotarum
596 1978 747 2016 familia
762 2006 772 2021 ,
797 1991 921 2026 quam
947 1978 1204 2022 Castriotarn,
1228 1989 1295 2015 aut
1319 1979 1651 2015 Scanderbcccam
1672 1977 1868 2025 familiam

326 2045 483 2071 vocant.
543 2034 641 2085 Qae
654 2032 730 2071 fere
749 2035 821 2071 toti
837 2035 1018 2072 Albaniae
1045 2036 1197 2072 tamdiu
1217 2035 1457 2083 imperabat,
1474 2034 1600 2071 donec
1623 2032 1868 2087 Ainurathes

325 2090 469 2138 Imper.
486 2090 705 2126 Turcarum
728 2100 918 2138 occupata
944 2091 1185 2128 Macedonia
1200 2089 1377 2127 obfidum
1392 2090 1482 2126 loco
1495 2090 1656 2127 Ioannis
1682 2087 1868 2125 Castrioti

323 2144 429 2197 filios
443 2145 490 2181 ad
508 2143 541 2180 se
554 2155 892 2188 vocatos,veneno
905 2144 1170 2189 necasset,min
1178 2148 1234 2182 ori
1249 2155 1343 2183 natu
1358 2145 1534 2194 Georgio
1544 2148 1707 2193 excepto
1723 2156 1733 2183 3
1747 2154 1868 2190 quem

322 2200 430 2251 prius
442 2199 462 2236 ἐι
477 2200 705 2237 Christianis
718 2202 951 2250 baptisatum
966 2202 1188 2239 circumcidi
1199 2201 1317 2248 jussit,
1333 2212 1377 2238 ac
1392 2200 1459 2238 Sca
1468 2200 1647 2249 nderbeg,
1663 2200 1699 2236 id
1713 2199 1763 2236 est
1774 2198 1868 2236 Ale-

325 2256 521 2293 xandrum
536 2256 750 2305 Principem
764 2257 986 2305 appellavit:
1044 2258 1123 2305 Beg
1133 2259 1239 2294 enim
1252 2257 1465 2305 principem
1479 2254 1679 2305 fignificat.
1723 2255 1758 2291 Is
1772 2253 1864 2290 cum

323 2311 372 2348 acl
387 2311 614 2360 vigesimum
629 2313 745 2349 aetatis
758 2324 911 2349 annum
925 2311 1168 2361 pervenisset,
1191 2313 1315 2350 multa
1328 2323 1399 2361 pro
1414 2312 1541 2348 Turca
1564 2311 1663 2348 bella
1676 2307 1867 2346 foelicissi·

319 2364 386 2405 me
398 2364 520 2416 gessit,
539 2378 583 2404 ac
597 2365 772 2404 summus
785 2369 904 2404 totius
917 2369 1062 2405 militiae
1079 2368 1290 2417 praefestus,
1306 2367 1355 2404 ab
1368 2379 1417 2404 eo
1429 2366 1659 2403 constitutus
1677 2365 1763 2402 fuit.
1792 2365 1867 2401 Po-

322 2422 397 2460 stea
409 2432 541 2459 tamen
553 2420 662 2470 quod
683 2422 703 2458 ὲ
719 2422 793 2460 suis
815 2424 932 2460 nimis
959 2425 1093 2473 magui
1115 2423 1233 2467 fieret,
1247 2423 1430 2472 poenituir
1450 2423 1623 2459 Turcam
1649 2421 1867 2470 promotio·

321 2479 397 2520 nis,
414 2489 458 2514 ac
473 2479 642 2515 rationes
655 2478 801 2525 quibus
824 2477 986 2515 interfici
1000 2477 1214 2516 commode
1229 2477 1360 2527 posset,
1376 2477 1558 2526 quaefivit.
1616 2477 1660 2514 ld
1674 2475 1764 2513 cum
1779 2474 1867 2511 sub·

320 2531 527 2570 olcfeciffet
542 2533 777 2576 Alexander,
799 2533 891 2579 data*
904 2535 1197 2582 opportunitate
1212 2562 1221 2578 ‚
1237 2536 1276 2571 in
1292 2535 1462 2583 Epyrum
1477 2535 1626 2570 avitum
1650 2542 1814 2581 regnum
1832 2529 1867 2566 se

321 2584 474 2637 recepit,
490 2600 535 2625 ac
548 2600 671 2625 manu
687 2590 857 2626 militum
871 2590 1048 2631 collecta,
1065 2589 1130 2626 sibi
1144 2592 1280 2626 iterum
1297 2600 1501 2638 paternum
1525 2599 1691 2637 regnum
1711 2596 1866 2633 recupe-

319 2645 431 2686 ravit,
456 2642 625 2690 multisq3
649 2644 870 2681 Turcarum
895 2645 1054 2682 milibus
1076 2645 1252 2687 stratis,&
1265 2643 1368 2686 fusis,
1384 2645 1654 2688 multisannis,
1671 2645 1709 2679 ὅ(
1724 2652 1866 2690 quam-

321 2700 388 2736 diu
402 2695 496 2737 vixit
508 2709 643 2737 contra
656 2700 876 2737 Turcarum
892 2701 987 2738 vires
1000 2700 1228 2744 defendit‚&
1242 2702 1381 2739 tenuit.

591 2788 853 2861 JlUVAT
905 2789 1060 2837 AER.
1122 2789 1224 2837 ET
1283 2788 1554 2845 IMBER.

473 2864 552 2914 Qi
567 2863 786 2912 aliquando
798 2865 922 2901 maria
937 2862 1570 2914 tranfiiavigfirunt„proculdubie>
1585 2862 1840 2900 observarunt
1852 2887 1863 2905 ,

1744 2926 1862 2959 venti,
