1980 3369
343 225 442 283 156.

340 290 526 330 Marchio
538 291 718 340 magistro
729 293 918 340 equitum,
930 294 1150 339 audaciam,
1166 295 1436 337 liberalitatem
1448 312 1492 338 ac
1502 301 1705 351 vigilantii
1718 293 1862 342 comre-

339 349 424 384 nite
435 348 582 385 diceret.
611 348 742 384 lovius
757 348 980 387 Mai-ebioni
997 351 1204 398 respondit:
1216 353 1326 390 illum
1342 366 1430 402 ηερε
1443 356 1676 397 liberalitatis
1694 371 1782 406 neq;
1797 373 1865 397 au·

337 401 584 450 daciae,quod
597 402 699 450 prius
712 403 796 440 illas
809 405 962 442 virtutes
974 404 995 442 ὲ
1008 407 1242 444 Marchione
1252 409 1442 454 didicisset,
1457 422 1546 459 neq3
1560 415 1674 451 etiam
1688 415 1863 464 vigilitiae

336 457 682 496 commonendum
695 456 775 497 effe3
789 461 881 507 quia
904 459 1148 499 consveverat
1169 465 1344 511 quotidie
1365 466 1592 504 antelucem
1603 468 1759 519 surgere,
1773 481 1860 509 tum

335 522 380 549 ut
392 510 471 550 cito
484 513 504 550 ὲ
520 513 620 550 lecto
632 511 666 550 sc
681 513 866 558 liberaret,
892 525 977 552 tum
992 525 1033 552 ut
1045 518 1319 556 venationibus
1330 531 1491 568 operam
1502 523 1619 563 daret.
1676 526 1780 575 Qia
1803 535 1862 563 ta-

334 578 426 605 men
441 569 641 618 vigilantia
657 570 796 617 partim
810 569 978 608 hostium
999 571 1096 615 doli,
1112 574 1149 610 ὃ(
1163 574 1476 613 machinationes
1500 577 1729 623 illuduntur,
1742 591 1786 616 ac
1800 591 1878 618 ea·-

332 621 477 660 demin
492 623 648 661 infidias
663 624 937 672 perducuntur,
963 628 1000 663 ὅ(
1011 627 1383 670 circumveniuntur.
1440 631 1563 669 Reate
1587 635 1719 671 Iovius
1733 635 1790 671 illi
1802 636 1858 673 vi-

332 677 503 726 gilantiae
517 683 770 728 noram‚gtue
782 680 1059 730 exhibuit‚quae
1074 683 1357 733 l-lieroglypton
1378 686 1586 731 constituit,
1603 700 1646 726 ac
1659 690 1778 727 altero
1793 701 1879 737 pesa

330 733 378 769 de
391 733 544 772 clevato
567 735 746 783 lapillum
770 737 956 773 continet.
1013 737 1137 774 Grues
1160 750 1334 788 namque
1366 741 1610 780 NATVRA
1646 744 1858 783 DOCEN-

328 787 412 831 TE,
425 788 520 826 dum
535 792 657 827 maria
669 789 940 828 transvolirant
953 819 962 833 ‚
979 801 1019 829 ut
1031 793 1176 830 Plinius
1196 794 1323 838 refert,
1349 795 1503 844 lapillos
1517 798 1676 846 pedibus
1699 809 1854 844 tenent,

328 852 370 880 ut
381 841 566 882 somnum
582 846 817 894 impediant:
843 847 881 882 Si
895 847 999 884 enim
1010 849 1088 892 jam
1100 848 1387 893 dormituriant,
1401 863 1445 888 ac
1459 851 1620 890 somnus
1636 856 1786 904 irrepat,
1800 867 1858 892 re-·

326 898 462 936 solutis
483 900 626 949 pedum
639 900 927 943 nervis‚decidir
940 903 979 938 in
995 914 1138 950 aquam
1153 903 1261 953 lapis,
1277 916 1320 941 ae
1334 905 1483 954 strepitu
1507 906 1691 946 somnum
1714 909 1846 954 solvit,

324 952 514 1003 gruesque
527 956 726 1005 vigilantes
741 956 880 993 iterum
897 957 1030 993 reddit.
1086 959 1137 994 Vt
1151 960 1309 1008 gruibus
1332 960 1411 997 haec
1425 961 1445 998 :⁸1
1461 972 1595 1000 natura
1617 964 1856 1003 documenta

324 1009 412 1046 data
427 1009 521 1047 sunt:
537 1011 586 1047 ita
599 1010 716 1047 huius
731 1011 914 1060 Principis
939 1012 977 1049 N
988 1011 1027 1049 A
1040 1013 1076 1049 T
1092 1010 1174 1052 VR
1190 1014 1228 1051 A
1258 1016 1304 1053 ad
1319 1017 1467 1067 vigilias
1480 1018 1667 1068 propensa
1693 1020 1731 1057 O
1745 1021 1770 1057 F
1783 1021 1807 1059 F
1819 1021 1855 1058 1-

325 1063 502 1104 CIVM
535 1065 780 1104 DOCET.

705 1152 975 1204 AMOR
1052 1155 1474 1229 ADDIDLT·

475 1250 593 1287 Mora
612 1250 653 1287 in
669 1249 983 1299 Hieroglyphieis
1005 1250 1222 1300 plerunque
1240 1250 1426 1288 testudine
1446 1250 1627 1300 signatur,
1641 1249 1750 1299 quod
1770 1251 1853 1290 len-

318 1312 403 1342 tum
418 1303 460 1341 sir
472 1306 619 1342 animal
633 1327 643 1344 ⁷
659 1307 819 1353 proprio
832 1306 1039 1342 domicilio
1052 1333 1061 1350 ‚
1077 1304 1264 1354 scutoque
1288 1306 1375 1343 satis
1399 1306 1611 1354 comperero
1633 1309 1670 1343 ὃς
1683 1308 1790 1356 gravi
1803 1318 1853 1344 te-

317 1360 438 1403 Ctum,
453 1372 536 1408 quo
553 1360 572 1397 ἐι
589 1370 726 1397 natura
738 1370 883 1397 armata
898 1360 963 1404 est,
978 1371 1019 1397 ut
1031 1362 1129 1397 inter
1149 1373 1275 1409 rupes,
1299 1361 1365 1398 ubi
1378 1371 1659 1405 commoratur,
1674 1359 1760 1399 tuto
1781 1362 1850 1399 de·

314 1426 403 1464 gere
428 1414 564 1463 posset.
623 1399 771 1452 errum
806 1413 874 1452 hic
903 1416 1004 1453 alara
1029 1418 1066 1453 ὅ(
1091 1417 1130 1453 in
1150 1418 1233 1453 ae're
1255 1417 1423 1454 volitans
1439 1415 1854 1464 conspicitur3mirum

314 1469 406 1507 sane
422 1469 705 1519 spectaculum:
733 1469 793 1507 sed
807 1482 889 1507 non
903 1472 1044 1508 mirum
1060 1499 1070 1515 ,
1089 1470 1114 1508 si
1134 1474 1220 1518 quis
1243 1472 1439 1521 Symbolo
1453 1472 1656 1521 intelligat,
1671 1483 1850 1510 amorem

312 1525 493 1562 addidisse
508 1526 600 1563 alas.
664 1526 814 1575 Magna
829 1525 1016 1574 siquidem
1030 1529 1172 1564 amoris
1186 1528 1242 1564 vis
1256 1527 1318 1571 est,
1333 1529 1401 1576 qui
1426 1526 1517 1576 saepe
1541 1538 1688 1575 ca,quae
1699 1527 1848 1564 difficil-

312 1581 420 1622 lima,
435 1582 472 1618 ὅ(
486 1580 566 1618 fieri
580 1592 664 1618 non
680 1582 781 1629 poss‘e
796 1581 987 1623 videntur,
1007 1581 1193 1630 facillima
1208 1582 1314 1623 facit.
1373 1580 1497 1632 quue
1512 1575 1659 1625 verum,
1674 1581 1748 1620 five
1761 1584 1848 1630 quis

309 1646 438 1674 rerum
452 1646 690 1673 terrenarum
710 1648 844 1674 amore
858 1664 868 1680 ‚
893 1636 965 1673 sive
979 1637 1194 1674 coelestium
1207 1640 1392 1687 capiatur.
1459 1638 1608 1674 Rerum
1622 1637 1847 1676 terrestrium

309 1702 424 1729 amor
437 1692 654 1740 multiplex,
671 1692 770 1729 alius
791 1703 1016 1740 corporum,
1030 1693 1128 1730 alius
1142 1704 1270 1729 rerum
1293 1702 1537 1730 externarum
1552 1720 1561 1736 ,
1586 1692 1685 1729 alius
1706 1704 1858 1739 eorum*

307 1746 451 1794 quaead
466 1757 649 1784 ornatum
663 1747 784 1785 animi
799 1745 981 1796 speciant.
1038 1747 1146 1797 Quid
1167 1759 1377 1796 corporum
1398 1757 1465 1786 aut
1488 1749 1613 1785 carnis
1633 1759 1745 1784 amor
1757 1747 1846 1797 pos-

307 1801 363 1844 sit,
380 1805 418 1841 δε
431 1812 577 1849 quanta
594 1803 760 1849 pericula
775 1800 934 1850 superet,
949 1812 989 1839 ut
1002 1814 1043 1840 re
1066 1812 1196 1841 amata
1213 1805 1383 1852 potiatur
1398 1831 1408 1847 ,
1429 1804 1550 1840 cuivis
1574 1800 1690 1839 facile
1702 1813 1845 1840 notum

305 1857 370 1894 est.
426 1858 537 1907 Qas
557 1857 802 1895 difficultates
818 1858 1042 1896 divitiarum
1062 1869 1174 1896 amor
1193 1859 1436 1909 aggrediatur
1455 1860 1493 1895 ὅ(
1506 1857 1704 1903 conficiat,
1732 1859 1844 1897 testa-

304 1921 366 1950 tur
395 1912 542 1951 versus:
1662 1933 1688 1955 α

586 1968 675 2017 Per
689 1982 809 2014 mare
822 1978 1047 2030 perferrem
1065 1969 1193 2017 currit
1208 1979 1410 2017 mercator
1427 1968 1489 2016 ad
1504 1967 1632 2016 Indos

630 2039 1077 2101 Pelqperiemfmgiens.

419 2105 577 2148 Gloriae,
592 2105 777 2145 doetrinae
790 2110 827 2146 &
840 2110 1025 2146 virtutum
1050 2120 1178 2151 amor,
1204 2119 1287 2145 non
1312 2106 1445 2145 minus
1470 2107 1610 2143 caeteris
1635 2105 1757 2143 alatus
1769 2105 1836 2142 est:

300 2159 454 2198 labores
469 2162 666 2198 maximos
679 2165 715 2200 ὃς
729 2175 875 2212 graves,
902 2164 1094 2200 minimos
1117 2163 1270 2201 &leves
1284 2190 1293 2206 ,
1320 2173 1361 2200 ut
1374 2165 1516 2211 optatis
1531 2162 1692 2204 fruatur,
1707 2159 1837 2201 efficit.

298 2215 445 2252 Verum
463 2227 535 2264 prae
548 2219 686 2255 caeteris
709 2219 897 2256 amorille
909 2245 919 2260 ,
948 2220 1017 2266 qui
1039 2218 1215 2255 terrestria
1230 2220 1367 2256 omnia
1396 2216 1575 2266 despicit,
1600 2228 1644 2252 ae
1667 2216 1838 2254 coelestia

297 2272 452 2307 tantum
467 2273 582 2320 cupit,
611 2273 641 2309 is
655 2272 776 2310 divini
791 2276 935 2310 amoris
950 2274 1018 2310 alis
1031 2274 1183 2320 adjutus
1198 2285 1242 2310 ac
1254 2273 1470 2316 instruChrs,
1488 2283 1655 2320 compos
1668 2270 1834 2317 desiderii

295 2326 454 2363 tandem
471 2325 534 2365 fit;
560 2328 607 2371 ljs
622 2326 794 2377 namque
807 2328 1027 2366 sublevatus
1043 2330 1084 2365 in
1098 2328 1251 2365 coeleste
1263 2340 1442 2378 regnum,
1463 2325 1660 2365 immensis
1674 2325 1765 2364 hinc
1777 2326 1836 2363 di-

295 2380 628 2427 stans‘intervallis,
651 2383 824 2420 defertur.

376 2468 440 2519 SI
483 2466 1039 2522 PERDIDISSEM
1089 2471 1256 2520 UNA
1310 2469 1512 2520 SOLA
1564 2467 1761 2518 MIHI

846 2566 1251 2600 REDOLERE
1281 2565 1327 2598 τ.

447 2640 702 2689 Manipulum
718 2640 862 2677 florum
878 2641 1164 2690 Hieroglypron
1182 2639 1358 2677 exhibet:
1385 2636 1702 2676 Flores'cxistimo
1716 2637 1829 2675 ditio-

289 2705 371 2737 nes,
387 2706 505 2739 arces,
522 2699 587 2733 aut
611 2697 784 2734 civitates
796 2707 892 2742 quas
908 2697 1083 2744 Princeps
1104 2695 1230 2739 habet,
1249 2693 1484 2744 significare:
1508 2705 1673 2743 quarum
1700 2692 1829 2741 fingu-

288 2749 344 2789 lae.
360 2750 554 2799 Symbolo
569 2752 768 2793 innuente,
797 2752 894 2786 tanti
910 2750 994 2786 sunt
1006 2751 1214 2792 momenti,
1228 2761 1268 2786 ut
1282 2750 1469 2786 omnibus
1485 2748 1634 2786 amissis
1650 2776 1659 2791 ‚
1675 2759 1751 2784 una
1771 2747 1827 2783 so-

289 2804 323 2841 la
339 2803 533 2853 superstes,
546 2807 594 2843 ad
605 2802 728 2849 beate,
743 2804 1039 2853 commodeque
1064 2805 1276 2843 vivendum
1307 2806 1472 2852 Principi
1485 2803 1655 2842 sufficere
1669 2802 1795 2850 possit:

287 2860 455 2897 Proinde
468 2863 631 2899 avaritiae
645 2873 690 2900 ac
709 2861 917 2898 ambitioni
930 2859 965 2897 se
978 2872 1233 2909 nequaquam
1247 2859 1423 2897 deditum
1439 2858 1522 2896 effe.
1565 2858 1705 2896 Avaris
1719 2859 1825 2948 enli³m

1647 2914 1685 2950 ὃ(
1697 2923 1761 2949 am
1792 2913 1821 2947 i-
