1980 3369
333 267 426 317 118.

332 334 422 371 licet
435 330 502 381 ipsi
515 331 733 369 contrarius
759 330 954 369 videatur:
981 330 1060 369 hoc
1076 332 1230 380 pmpter
1242 341 1399 370 motum
1411 344 1532 379 quem
1544 334 1584 369 in
1598 332 1686 381 igne
1700 335 1868 372 velocio-

332 400 414 426 rem
426 386 561 425 afflatu
574 388 727 431 excitat,
742 388 948 436 contingit.
1003 388 1087 424 Hac
1100 389 1206 424 enim
1218 388 1370 424 ratione
1384 388 1512 436 fuligo
1524 388 1634 425 citius
1650 389 1812 436 pellitur,
1825 401 1870 426 ae

333 444 498 480 materia
508 441 618 478 citius
633 441 899 479 eonsumitur:
924 453 1009 490 quae
1019 444 1156 479 omnia
1170 441 1341 490 spiritum
1355 444 1455 491 ignis
1471 442 1710 479 subtiliorem
1720 445 1865 487 reddiit,

330 495 508 547 ignisdue
519 496 813 534 vehementiam
826 507 981 547 augent.
1039 498 1167 546 Mysta
1194 497 1266 533 hac
1281 497 1565 546 Hierographia
1587 498 1747 547 intelligi
1764 500 1864 536 vult:

330 554 545 592 Neminem
558 552 670 589 rebus
681 553 966 594 contrariis,vel
988 551 1149 589 adverfis
1170 549 1284 588 facile
1308 553 1517 600 perturbari
1535 552 1697 591 debere3
1726 551 1870 602 thote

339 619 428 656 quae
451 605 515 644 etsi
529 604 620 656 saepc
633 607 804 644 multum
816 604 944 644 obeffe
962 606 1150 650 videntur,
1163 606 1256 655 saepe
1267 616 1398 644 tamen
1418 611 1565 653 iuvent,
1580 607 1870 657 hominemriue

332 662 431 712 prud
441 663 632 702 entiorem
645 661 812 699 efficiant
825 675 832 698 ;
858 674 940 698 non
958 661 1086 699 solum
1100 673 1141 698 ut
1154 664 1304 709 majora
1315 662 1461 699 damna
1475 690 1485 706 ,
1500 664 1536 699 ὅ(
1554 663 1719 709 pericula
1731 666 1870 701 evitare

331 716 464 768 possit,
482 718 591 765 (quia
603 727 645 753 ut
659 718 785 764 inquit
801 719 929 765 poeta)
945 716 1108 763 piscator
1121 717 1218 754 ierus
1231 717 1375 765 sapiet)
1390 716 1450 754 sed
1462 718 1592 761 etiam,
1622 718 1870 762 utillata,fibi

332 773 456 816 utilia,
471 783 516 809 ac
540 771 770 821 perferendo
789 772 914 808 dulcia
932 772 1069 808 faciat:
1090 772 1231 820 gaudet
1253 774 1360 808 enim
1387 774 1567 820 patientia
1591 773 1708 812 duris.
1755 774 1867 823 Qu

330 829 449 865 etiam
465 827 511 865 ad
525 827 604 865 hoc
615 828 813 864 interdum
824 825 976 864 adversa
991 827 1133 869 valent,
1150 837 1189 863 ut
1204 827 1380 864 hominis
1396 829 1571 864 virtutem
1587 829 1807 877 propalenr,
1824 839 1870 870 ac

332 883 447 932 ipsius
461 882 690 925 constantia,
703 885 739 921 ὃ(
756 882 944 918 fortitudo
965 881 1176 929 conspicua
1197 881 1277 919 fiat.
1330 880 1465 931 Qod,
1477 883 1572 919 dum
1587 882 1641 921 fir,
1657 881 1870 930 rectejuvae

329 940 363 977 ri
385 940 585 985 contrarijs
605 938 730 975 dicere
753 937 973 985 postumum
996 936 1245 984 consequitur
1268 939 1375 975 enim
1398 938 1578 987 gloriam,
1595 937 1816 981 honorem,
1830 941 1870 976 δε

333 993 491 1031 laudeni
505 1022 515 1039 ‚
540 1003 696 1044 propter
719 995 920 1034 virtutem,
944 992 1086 1041 quibus
1108 993 1170 1030 vix
1196 993 1303 1030 aliud
1322 992 1479 1030 homini
1499 995 1625 1042 majus
1644 994 1874 1044 contingere

332 1048 470 1099 potest.

601 1135 752 1193 NIL
829 1132 1133 1187 MOROR
1211 1135 1601 1185 IGNAVOS.

487 1229 632 1266 Mulier
652 1227 732 1264 haec
745 1227 861 1271 alara,
872 1228 1116 1277 diligentiam
1128 1226 1330 1276 significat,
1344 1227 1506 1276 ignavia:
1527 1228 1777 1273 contrariam,
1790 1227 1870 1266 haec

333 1282 531 1334 Symbolo
559 1285 632 1321 ait:
676 1284 712 1320 N
730 1284 743 1319 1
761 1284 792 1319 L
839 1284 880 1320 M
898 1284 934 1320 O
951 1283 987 1318 R
1003 1282 1040 1318 Ο
1058 1283 1095 1318 R
1133 1282 1194 1319 IG
1211 1283 1248 1319 N
1264 1281 1302 1318 A
1316 1282 1354 1319 V
1369 1282 1408 1318 O
1422 1281 1458 1318 S.
1516 1282 1728 1331 Diligentia
1753 1286 1868 1322 virtus

331 1339 386 1377 est
400 1340 564 1389 principi
574 1349 659 1376 non
672 1336 801 1376 solum
815 1338 1069 1380 conveniens,
1084 1335 1145 1374 scd
1156 1337 1259 1374 utilis
1271 1346 1356 1374 tum
1367 1337 1573 1374 domitum
1589 1337 1744 1381 militiae.
1784 1339 1867 1376 Do-

332 1396 404 1439 mi,
418 1394 618 1442 utjusticia
642 1390 742 1431 bene
763 1393 1067 1435 administretur,
1094 1403 1276 1441 pauperes
1299 1404 1384 1429 non
1403 1394 1677 1440 opprimantur
1696 1391 1717 1430 a
1732 1404 1868 1441 poten-

332 1449 513 1493 notibus,
527 1460 572 1487 ae
587 1435 762 1498 potentes
774 1448 795 1484 ὲ
811 1449 934 1497 plebe,
950 1445 1078 1484 sontes
1089 1447 1316 1496 plestantur,
1330 1446 1535 1485 seditiones
1559 1459 1644 1495 quae
1657 1449 1865 1496 pullulant,

333 1505 461 1544 statim
474 1504 665 1554 capitibus
677 1505 819 1552 punitis
842 1504 1110 1552 deprimantur
1123 1530 1133 1546 ‚
1159 1515 1204 1540 ac
1218 1503 1354 1540 omnia
1367 1530 1378 1546 ‚
1392 1515 1476 1551 quae
1490 1503 1537 1540 ad
1551 1504 1700 1551 reipub.
1716 1503 1869 1542 conser-

332 1561 541 1599 vationem
552 1558 736 1608 specum,
751 1557 928 1596 accurate
942 1557 1238 1607 praescribantur,
1252 1560 1290 1596 ὃ(
1302 1557 1504 1596 serventur.
1560 1558 1721 1602 Militiae,
1733 1570 1773 1597 ut
1787 1571 1868 1597 ma·

332 1617 415 1657 tute
426 1625 773 1659 arma‚comeatu5,
787 1615 941 1658 milites,
956 1615 994 1651 ὅ(
1009 1612 1232 1650 confinium
1247 1615 1489 1651 munitiones
1504 1623 1770 1662 procurentur.
1807 1615 1869 1652 Sic

267 1676 276 1683 “
333 1671 607 1721 enimignavia
620 1671 709 1719 reip.
728 1669 867 1708 statum
881 1669 1068 1718 perdir‚ita
1080 1669 1278 1718 diligentia
1290 1670 1410 1718 erigit,
1422 1665 1669 1717 vistoriaec'iue
1681 1668 1792 1707 causa
1806 1668 1868 1707 est:

332 1726 455 1766 Nulla
469 1727 576 1764 enim
589 1726 630 1763 in
642 1737 681 1761 re
694 1725 836 1762 utilitas
848 1725 1060 1774 diligentiae
1077 1723 1186 1760 citius
1200 1724 1320 1773 quam
1334 1726 1374 1761 in
1387 1723 1491 1761 bello
1515 1723 1763 1773 conspicitur.
1822 1724 1867 1762 Id

331 1781 490 1826 testatur
502 1780 549 1818 C.
561 1781 731 1819 Neronis
741 1789 876 1818 contra
892 1779 1151 1816 Asdrubalem
1166 1779 1409 1828 exemplum:
1427 1778 1533 1817 Cum
1556 1780 1663 1816 enim
1682 1777 1868 1828 potentis-

332 1837 434 1875 fimo
448 1835 637 1874 Asdrubal
659 1836 876 1873 exercituin
892 1835 1045 1872 Italiam
1059 1833 1224 1878 veniffet‚
1236 1846 1280 1871 ac
1292 1834 1347 1871 illi
1359 1835 1586 1881 obijcererur
1606 1835 1741 1872 Livius
1764 1846 1863 1872 con⁴

332 1891 405 1937 sul,
420 1903 590 1930 numero
603 1892 776 1929 militum
788 1891 932 1939 impar:
963 1889 1010 1926 C.
1022 1890 1128 1927 Nero
1139 1890 1275 1926 relictis
1288 1889 1418 1926 castris
1431 1889 1555 1926 milite
1566 1884 1869 1938 exhaufflupro}

333 1959 382 1997 pe
393 1947 604 1985 Annibalis
614 1946 744 1987 castra,
758 1946 912 1995 magnis
922 1945 1121 1983 itineribus
1144 1945 1260 1982 noste
1273 1943 1431 1993 diec‘lue,
1454 1943 1678 1994 magnac'lue
1696 1945 1868 1982 militum

332 2002 533 2052 diligentia
548 2003 587 2040 &
599 2001 745 2044 labore,
758 2002 828 2049 qui
843 2001 905 2037 vix
919 1998 1029 2049 quod
1049 1998 1134 2037 satis
1149 1999 1195 2037 ad
1209 2001 1383 2038 naturale
1402 2000 1626 2037 desiderium
1653 2011 1867 2048 corporum

333 2055 419 2095 css‘et
431 2058 553 2107 quieti
568 2057 729 2100 dabant,
744 2056 903 2094 tandem
917 2055 965 2093 ad
978 2055 1092 2092 castra
1106 2056 1204 2101 Livii
1221 2067 1340 2104 prope
1355 2055 1511 2098 Senam,
1526 2055 1649 2092 noCiu
1662 2055 1786 2092 tessera
1802 2067 1847 2092 ac
1862 2075 1869 2084 ·

332 2123 455 2162 cepta,
471 2111 592 2150 inscio
612 2110 850 2155 Asdrubale,
867 2113 905 2148 ὃ(
930 2111 1156 2148 Hannibale
1183 2112 1369 2159 pervenit,
1398 2108 1651 2159 sequentic'lue
1661 2111 1722 2147 die
1736 2122 1867 2159 pugna

333 2166 662 2216 commiffa‚qu0d
677 2165 869 2206 Asdrubal
881 2167 1124 2216 geminatum
1137 2167 1347 2203 exercitum
1361 2167 1619 2215 ignoraret,ac
1633 2177 1758 2203 errore
1772 2177 1867 2213 pau-

332 2224 458 2267 §iores
472 2222 596 2260 hostes
609 2231 775 2271 putaret,
798 2222 922 2260 vistus
941 2221 1005 2259 est.
1062 2222 1142 2271 Qi
1156 2232 1261 2258 error
1275 2222 1391 2258 Livio
1411 2221 1513 2264 teste,
1528 2219 1553 2256 fi
1575 2232 1706 2270 pugna
1720 2230 1867 2268 protra-

419 2278 494 2324 ᾃα,
507 2288 593 2317 tum
606 2277 655 2314 ab
680 2277 896 2321 Annibale,
909 2286 994 2314 tum
1009 2276 1058 2313 ab
1082 2275 1299 2315 Asdrubale
1318 2276 1489 2313 deterstus
1508 2274 1646 2320 fuiffet,
1660 2276 1784 2315 visto-

630 2333 732 2378 xiam
755 2332 955 2371 Romanis
976 2330 1191 2368 abstulisset.
1244 2331 1420 2370 Tantum
1434 2331 1559 2381 potest

859 2389 902 2427 in
916 2398 952 2428 rc
969 2386 1131 2427 militari
1150 2386 1371 2440 diligentia..

1063 2457 1165 2579 ἓξὲξ
