1980 3369
293 250 546 305 XLIX.
597 249 1436 304 HIEROGRAPHIA.
1533 177 1586 215 3⁷

196 361 317 399 Huius
326 372 482 414 quoque
493 359 777 412 Hierographiae
785 358 917 397 anaor
925 357 1053 397 Paullo
1071 358 1111 395 II
1122 359 1146 397 I.
1168 359 1275 397 Pont.
1299 359 1400 397 Max.
1419 359 1458 396 ὅ(
1473 357 1584 395 nobis

115 413 358 468 Mystagogus
379 414 432 453 est
446 416 480 452 P.
497 415 633 452 Iovius.
688 417 732 452 ln
755 414 860 452 bello
871 443 881 458 ‚
902 414 1009 465 quod
1024 413 1118 464 Imp.
1131 414 1290 451 Carolus
1299 415 1346 450 V.
1372 426 1462 451 cum
1472 413 1583 450 Duce

115 469 529 521 Saxoniae,Lantgravio
537 466 823 521 Hass'1ae,quique
834 479 973 505 eorum
988 466 1127 505 sectam
1138 467 1400 518 sequerentur,
1411 465 1581 518 suscepit,

114 522 260 562 adiutus
275 523 356 563 esta
368 522 567 561 Pontifice.
588 523 654 575 qui
670 535 772 561 totus
790 525 830 560 in
847 521 924 560 hoc
944 533 1166 572 occupatus,
1177 522 1496 572 Hierographiam
1508 533 1581 573 ρο-

113 577 237 630 poscit
250 607 259 622 ,
281 581 355 622 rei,
371 579 499 630 quaein
510 577 685 616 manibus
706 588 785 615 erat
799 589 1020 627 congruam.
1074 577 1199 614 Iovius
1215 588 1304 613 cum
1320 576 1581 613 Anathemate

114 632 321 676 Pontificis‚
334 632 483 670 fulmen
493 632 593 670 Iovis
602 629 1053 683 comparans,hocipfiim
1065 629 1207 681 utrincj3
1220 631 1516 672 accuminatum,
1527 631 1583 667 uti

113 686 246 725 videre
263 686 317 724 est
333 686 454 726 finxit.
472 688 510 724 δε
531 685 728 731 Pontifici,
740 697 782 724 ut
799 685 924 734 jaciat,
944 698 1104 736 operam
1120 683 1222 721 suam
1238 684 1421 735 probavit.
1476 684 1581 721 Nam

113 739 293 779 Pontifex
313 741 384 778 hos
400 742 589 792 Principes
609 740 765 778 Lutheri
779 740 960 791 dogmata
978 738 1125 777 secutos
1135 737 1580 790 proscripseranpercus-

109 793 286 847 seratque
296 795 505 834 tremendo
516 795 630 840 olim,
646 807 730 833 non
740 796 878 838 minus,
888 795 1009 844 quam
1028 792 1175 845 fulgure
1186 793 1284 829 Iovis
1297 821 1308 837 ‚
1323 793 1579 830 anathemate.

111 849 174 887 Est
182 851 535 888 autemAnathema
545 849 590 887 ab
599 849 821 894 Amaessmad
833 847 885 885 est
895 846 1163 900 suspendendo
1172 845 1325 884 donum
1336 845 1488 897 proprie
1498 846 1579 883 Diis

109 903 316 950 donatum,
334 903 428 943 &de
444 903 555 943 tholo
565 905 649 942 aedis
670 901 777 941 sacrae
797 902 1025 954 suspensum.
1049 901 1181 939 Pollux
1189 900 1313 952 paullo
1324 900 1484 938 uberius.
1516 900 1580 937 Ab

112 958 186 996 hac
195 960 319 1010 prima
328 958 602 1011 significatione
619 956 853 995 transferunt
868 958 981 995 Iudaei
989 955 1037 994 ad
1051 955 1256 1007 piaculum,
1267 956 1316 999 &‚
1325 966 1365 992 ut
1376 956 1422 992 D.
1436 955 1581 991 Hiero-

112 1025 253 1064 nymus
263 1013 391 1057 docet,
403 1026 450 1051 ex
458 1014 504 1050 D.
516 1012 644 1050 Paullo
653 1012 772 1064 liquet
780 1041 791 1056 ‚
799 1013 848 1050 acl
859 1023 1078 1049 extremam
1093 1011 1393 1047 execrationem.
1448 1012 1580 1060 Qam

111 1079 244 1106 autem
261 1067 346 1119 post
360 1066 395 1105 se
404 1066 589 1119 relinquit
600 1068 775 1118 impietas
794 1066 804 1103 ?
835 1078 918 1117 quae
927 1066 1148 1108 hominem,
1158 1077 1243 1102 non
1253 1063 1376 1102 solum
1386 1063 1431 1102 ab
1442 1063 1578 1100 huma-

111 1134 163 1161 na
172 1121 352 1160 societate
361 1151 371 1167 ‚
381 1134 517 1160 verum
529 1122 649 1159 etiam
660 1122 946 1158 communione
959 1120 1084 1159 divina
1092 1117 1218 1157 avellit
1232 1118 1242 1155 ?
1254 1117 1414 1156 Ecclesia
1423 1130 1506 1156 non
1515 1117 1576 1154 Iu-

111 1177 226 1220 daeos,
243 1175 308 1214 sed
323 1173 555 1228 Apostolum
565 1174 737 1213 aemulata
750 1205 760 1220 ,
770 1177 888 1213 utitur
895 1187 1005 1221 voce,
1015 1173 1109 1213 sicui
1123 1186 1219 1226 aqua
1227 1175 1265 1213 &
1281 1174 1360 1226 igni
1372 1172 1575 1212 interdicit.

112 1230 452 1283 quemadmodum
466 1242 550 1269 tum
558 1231 666 1268 Pont.
679 1231 778 1270 Max.
790 1229 1026 1268 Lutheranis.

432 1339 500 1393 L.
534 1339 1264 1393 HIEROGRAPHIA.

162 1417 322 1457 Occasio
332 1417 402 1463 est,
422 1420 577 1457 austore
594 1420 702 1458 Festo
713 1450 723 1465 ,
743 1423 1008 1472 opportunitas
1019 1419 1207 1471 temporis
1218 1448 1228 1463 ‚
1239 1416 1319 1456 casu
1332 1419 1574 1470 proveniens,

109 1473 174 1511 De
185 1473 322 1511 eadem
337 1472 417 1513 fer&
427 1475 533 1512 idem
546 1504 558 1520 ,
575 1476 628 1512 M.
643 1475 797 1513 Tullius
819 1476 943 1512 Poetae
954 1473 1107 1525 fingunt
1125 1476 1277 1524 occiput
1293 1470 1575 1517 calvamfmci-

109 1539 181 1580 put
191 1527 402 1579 capillatam
423 1543 431 1566 ι
462 1539 504 1566 ut
521 1528 569 1567 de
586 1528 679 1567 facie
694 1541 816 1567 nemo
826 1530 1117 1581 nonagnoverit
1131 1528 1208 1565 hoc
1226 1526 1327 1565 loco.
1347 1528 1458 1565 Nuda
1467 1528 1575 1563 enim

108 1581 177 1627 est,
193 1583 231 1619 ὃ(
243 1580 297 1619 cst
306 1585 408 1621 nuda
417 1611 426 1627 ,
439 1582 545 1634 quod
555 1582 664 1634 plane
675 1595 818 1634 aperta,
827 1581 999 1635 simplex,
1012 1596 1085 1621 nec
1094 1581 1175 1620 ullis
1189 1580 1309 1619 fucata
1318 1581 1509 1620 coloribus
1520 1579 1574 1617 sit.

107 1638 247 1674 Statuit
258 1647 388 1675 autem
398 1636 782 1689 piCtorlocosublimi.
800 1638 907 1690 quod
917 1636 1014 1676 casus
1033 1638 1081 1676 de
1105 1636 1204 1676 coelo
1227 1636 1332 1675 cadat
1356 1664 1367 1680 ‚
1395 1637 1433 1673 ὃς
1456 1633 1575 1673 caussa

108 1691 188 1728 eius
197 1702 278 1728 tam
294 1689 336 1728 sit
354 1693 443 1730 Deo
460 1703 571 1737 nota,
591 1692 709 1744 quam
725 1692 837 1730 nobis
853 1691 1078 1745 frequenter
1097 1693 1237 1743 ignota.
1287 1691 1464 1741 Praecipiti
1478 1689 1575 1727 vero

107 1743 202 1783 loco
224 1744 346 1783 statuit
359 1748 396 1783 &
407 1747 536 1795 obiicit
555 1759 676 1785 vento
695 1748 801 1800 quod
812 1746 956 1785 lubrica
966 1746 1027 1791 sit,
1040 1748 1078 1785 δε
1087 1744 1155 1783 nisl
1164 1744 1312 1797 arripias
1324 1775 1333 1788 ,
1345 1757 1506 1796 praeceps
1515 1743 1573 1782 fe-

107 1810 212 1837 ratur
225 1829 235 1844 ,
246 1811 339 1844 ruat,
358 1812 496 1852 pereat.
528 1803 596 1839 His
607 1800 654 1840 de
664 1801 863 1841 occassone
874 1803 1054 1854 cognitu,
1071 1801 1265 1839 audiamus
1288 1798 1451 1850 Mystam
1471 1815 1478 1836 :
1500 1800 1573 1837 erit

108 1853 227 1891 altera
237 1855 397 1892 Merces.
419 1855 523 1893 unde
550 1855 559 1892 ἒ
591 1855 743 1894 Celitus.
778 1856 1128 1908 Qemadmodum
1144 1856 1251 1893 enim
1268 1853 1427 1892 Occasio
1442 1853 1574 1891 celitus

108 1909 219 1948 datur
230 1924 241 1947 5
251 1909 301 1946 ita
311 1909 348 1946 ὃς
363 1908 595 1961 exspectatur
605 1909 736 1949 celitus
749 1912 949 1962 praemium
957 1940 967 1954 ,
988 1910 1090 1948 recte
1099 1910 1222 1947 utenti
1230 1907 1430 1947 occasione
1440 1920 1573 1946 rerum

108 1964 378 2015 gerendarum.
433 1965 646 2015 Qerimur
660 1976 810 2003 aetatem
828 1963 905 2002 sine
925 1964 1032 2017 fruge
1047 1966 1133 2015 rapi.
1167 1976 1232 2001 cur
1249 1975 1333 2000 non
1349 1961 1401 2001 usi
1416 1961 1542 2000 sumus
1559 1962 1570 1998 ἓ

108 2019 324 2069 Qerimur
343 2017 596 2070 pulcherimas
613 2031 744 2057 rerum
762 2018 979 2058 occasiones
1000 2017 1217 2070 praeterlabi.
1244 2016 1570 2055 curnonutimur?

107 2074 216 2112 Deus
234 2073 341 2110 enim
359 2074 500 2112 utenda
515 2103 524 2117 ,
545 2072 782 2126 fruendaque
794 2075 875 2112 dat:
897 2072 1045 2112 &reae
1053 2085 1204 2112 utentes
1216 2071 1383 2110 cumulat
1399 2073 1569 2124 praemiis.

107 2131 334 2181 Qaeramur
345 2128 471 2178 itaque
483 2127 531 2166 de
542 2129 654 2171 nobis
663 2127 738 2180 ipsi,
749 2129 856 2181 quod
868 2128 1011 2166 semina
1019 2129 1164 2167 virtutis
1173 2140 1257 2164 non
1268 2126 1446 2164 colimus:
1463 2125 1570 2178 quod
1614 2165 1615 2168 ,

107 2183 291 2234 principia
306 2180 491 2220 felicitatis
506 2182 740 2235 negligimus
763 2182 845 2221 imo
864 2182 890 2221 sl
909 2183 1116 2221 meliorem
1126 2194 1256 2219 rerum
1271 2179 1485 2218 nostrarum
1501 2179 1569 2217 sta-

107 2247 193 2273 tum
205 2264 216 2280 ,
235 2235 383 2286 publice
391 2247 453 2274 aut
462 2237 637 2288 privatim
653 2249 829 2289 optamus
841 2266 851 2281 ,
866 2240 1098 2276 excutiamus
1107 2247 1313 2274 veternum
1329 2237 1367 2273 ὃ(
1384 2234 1569 2273 discamus

106 2288 243 2328 nostro
258 2291 362 2329 malo
371 2290 496 2342 sapere
511 2320 521 2336 ,
538 2293 604 2343 qui
620 2292 814 2330 noluimus
829 2291 966 2330 alieno.
997 2291 1230 2329 Amentium
1248 2289 1406 2342 quidem
1416 2289 1492 2327 hoc
1503 2288 1569 2334 est,

107 2343 174 2383 sed
187 2357 269 2382 non
286 2347 455 2384 omnino
471 2345 724 2386 delirantium.
750 2349 835 2385 Nec
851 2359 1075 2398 queramur,
1087 2357 1167 2397 quae
1176 2345 1345 2383 revocari
1356 2355 1567 2395 nequeunt,

107 2396 275 2449 lapsaaut
290 2411 478 2452 tempora,
487 2412 549 2438 aut
558 2413 785 2452 temporum
804 2402 1109 2453 opportunitates
1125 2413 1135 2443 3
1162 2399 1229 2437 sed
1251 2400 1468 2451 arripiamus
1487 2411 1570 2449 qua:

107 2453 149 2490 in
167 2453 245 2490 dies
264 2457 446 2493 eveniunt
463 2470 471 2492 :
501 2468 702 2508 nunquam
712 2457 818 2493 enim
829 2453 1108 2497 deestoccafio,
1124 2457 1164 2493 in
1179 2454 1313 2492 melius
1325 2452 1497 2491 mutandi
1506 2465 1567 2490 aut

106 2506 322 2546 institutum
342 2521 405 2547 aut
424 2507 634 2548 consilium.
662 2509 951 2562 videbimusque
968 2508 1198 2562 propediem
1214 2510 1255 2547 in
1266 2508 1400 2547 melius
1410 2510 1568 2553 mutari,

107 2573 182 2613 qua
190 2563 346 2614 perdita,
357 2574 515 2615 turpata,
525 2564 732 2617 deplorata,
743 2565 945 2603 cernimus.

401 2674 509 2725 LI.
552 2673 1283 2727 HIEROGRAPHIA.

186 2752 277 2789 Haec
296 2764 386 2790 cum
402 2752 515 2790 calice
531 2755 570 2791 ὃς
587 2753 716 2791 Hostia
725 2766 787 2791 aut
805 2756 850 2791 D.
867 2754 976 2792 Clara
992 2754 1066 2794 est;
1087 2755 1136 2793 sic
1149 2756 1255 2792 enim
1274 2752 1450 2806 peculiari
1470 2761 1567 2802 quo‘

107 2807 195 2846 dam
212 2805 414 2858 privilegio
433 2809 473 2846 in
491 2807 643 2860 templis
658 2808 842 2861 spectatur
864 2824 872 2847 :
901 2821 964 2901 atliit
978 2810 1125 2850 Anima
1137 2806 1567 2898 Mystefflgfflgfffisen
