2074 3406
632 144 1074 194 S.CRUCIS.
1564 160 1607 187 21

114 209 375 256 informatam,
388 213 462 252 Aus
470 223 551 249 non
563 211 615 251 est
627 212 753 255 Simia,
765 211 822 251 sed
834 212 956 253 homo
968 210 1092 251 fimilis
1104 210 1244 254 Simiae,
1257 210 1339 252 non
1355 213 1538 266 corporis,
1551 212 1612 254 sed

113 280 272 306 morum
283 267 448 306 faeditate
463 279 473 306 ι
492 269 556 318 qui
574 271 612 305 in
625 267 715 307 Filio
733 267 883 306 Patrem
907 266 1083 321 agnoscit,
1100 266 1189 305 Hoc
1200 268 1304 306 enim
1316 266 1470 307 Davidis
1484 267 1555 310 est,
1567 272 1608 308 in

114 321 278 360 Lumine
288 334 355 360 tuo
367 323 539 360 videmus
557 322 699 364 lumen,
714 327 750 359 δε
761 322 866 361 Luna
881 322 903 361 a
920 323 1003 362 Sole
1014 323 1142 359 lumen
1154 322 1298 374 recipit.
1313 320 1484 361 Tantum
1493 322 1607 367 abest,

112 388 156 415 ut
167 378 270 415 ullius
281 388 410 431 optata
420 376 633 427 aspernetur
650 389 754 416 tanta
766 377 912 416 bonitas
921 391 933 420 t
942 388 1007 416 aut
1015 375 1206 415 miseriam
1223 377 1283 431 spe
1300 374 1450 416 fraudet
1466 378 1607 416 miseri-

108 430 249 470 cordia.

480 534 586 587 IX.
629 532 985 610 Hierographia
992 536 1205 610 gemina.

110 642 197 750 IN
211 644 348 737 {pe-1105
355 640 478 695 Mysta
492 645 678 683 continet.
690 643 815 684 Tuere
822 656 977 684 mecum
988 645 1028 683 in
1038 654 1203 696 urrann-15
1214 641 1378 684 eiufflem
1389 642 1603 684 Numisma-

155 711 199 738 tis
226 710 357 738 aciem.

194 764 214 791 ι.
263 749 531 804 Prymnefium
547 751 599 792 est
614 752 720 793 Festo
737 752 890 793 tonsilla,
901 751 974 792 five
983 751 1157 807 palus,ad
1171 765 1287 806 quern
1302 752 1469 807 alligatur
1486 756 1603 803 navis.

108 808 304 848 Columna
314 807 403 850 haec,
416 808 584 860 inquam.
595 821 678 863 quae
687 808 763 862 spes
775 807 892 847 salutis
907 807 1042 847 nostrae
1056 807 1128 851 est,
1139 807 1225 846 vere
1241 809 1333 846 {acra
1350 807 1527 854 Anchora
1537 809 1606 853 ‚de

106 864 231 902 Cruce
245 862 406 902 Domini
417 861 534 900 nostri
551 861 990 916 dependens,Qoniam
1001 860 1225 902 confirmata
1233 861 1286 900 est
1295 862 1402 915 super
1412 875 1481 901 nos
1493 864 1604 902 mise-

102 917 232 956 cordia
241 928 307 956 tua
322 915 494 956 Domine
512 933 521 956 ε
539 929 582 956 ut
596 915 657 957 hic
678 930 725 956 ex
745 916 902 957 Davidis
912 919 1088 958 vaticinio
1104 915 1154 956 de
1163 917 1289 956 Cruce
1298 916 1604 972 ,transscriptum

104 983 239 1013 cernis.

196 1039 226 1063 2.
275 1024 529 1079 Cornucopiae
546 1024 599 1064 est
615 1025 662 1065 ad
677 1025 863 1066 stolonem
880 1027 974 1079 pacis
992 1025 1219 1081 relegatum}
1235 1025 1290 1064 Ac
1303 1038 1353 1064 ne
1367 1037 1535 1080 repetam
1554 1024 1604 1066 de

106 1078 305 1118 Amalthea
315 1079 478 1118 fabulam
489 1099 498 1123 ς
508 1093 639 1119 verum
650 1080 700 1119 est
712 1080 1056 1132 Symbolum.Nam
1065 1079 1149 1119 vere
1157 1093 1227 1133 pax
1239 1080 1424 1134 est,quam
1435 1082 1605 1132 sequitur

104 1148 232 1173 rerum
243 1136 421 1173 omnium
432 1134 579 1173 ubertas
589 1160 600 1178 ,
617 1134 858 1189 diligentibus
866 1162 878 1179 ‚
895 1148 968 1189 qua
977 1135 1075 1173 nulla
1085 1148 1226 1188 aequior
1234 1134 1287 1173 est
1296 1162 1305 1177 ,
1321 1138 1443 1188 legem
1458 1134 1600 1173 Christi.

105 1190 160 1227 Ac
176 1201 217 1227 ut
227 1186 380 1227 fortuna
391 1192 575 1227 virtutem
594 1189 786 1243 quandotp
799 1192 1127 1236 exercear5animo
1143 1191 1346 1244 tranquillo
1361 1195 1398 1228 δε
1410 1191 1478 1229 suis
1490 1189 1602 1228 rebus

101 1241 654 1297 contentosuppetunraffatim
663 1248 807 1287 omnia.

514 1353 579 1406 X.
624 1353 977 1431 Hierogmphia
984 1355 1197 1430 gemina.

189 1477 348 1519 christus
356 1479 537 1520 omnibus
553 1479 734 1535 pependit
742 1478 790 1520 de
802 1481 933 1524 Cruce3
952 1478 1015 1520 scd
1024 1491 1106 1520 non
1121 1492 1256 1519 omnes
1269 1477 1443 1534 pendent
1453 1478 1473 1518 a
1483 1479 1598 1521 Cruce

101 1533 247 1578 christi,
256 1534 362 1588 quod
373 1534 495 1587 Mysta
511 1535 606 1575 binis
616 1536 763 1575 alitibus
771 1536 948 1578 declarat.

184 1600 211 1632 1.
239 1590 426 1644 Accipiter
434 1588 503 1628 hos
513 1588 643 1633 refert,
652 1592 715 1644 qui
725 1592 904 1644 autimpii
921 1600 987 1629 aut
1002 1591 1133 1644 ingrati
1144 1589 1227 1628 sunt
1245 1589 1284 1627 in
1292 1590 1475 1628 meritum
1486 1591 1537 1628 ita
1545 1589 1594 1630 de

98 1644 207 1682 nobis
219 1643 419 1687 christum,
432 1649 469 1682 &
481 1647 575 1684 olim
584 1645 606 1683 a
617 1644 726 1684 Mose
744 1645 877 1684 relatus
896 1644 949 1684 est
959 1646 1057 1682 inter
1071 1642 1278 1683 immunda¹
1292 1646 1481 1683 animalia:
1500 1644 1593 1697 estq;

97 1698 250 1736 infestus
262 1697 505 1738 debilioribus
515 1711 657 1738 natura.
669 1699 722 1738 Vt
731 1698 872 1738 merito
882 1698 1021 1742 audiar,
1033 1703 1068 1737 ὃς
1080 1698 1142 1738 sub
1152 1698 1261 1737 huius
1271 1700 1443 1753 imagine,
1455 1699 1597 1739 Anima

96 1754 216 1791 aversa
229 1752 249 1791 ὲ
260 1752 344 1792 Deo
358 1766 371 1796 ε
387 1752 444 1792 Os
461 1765 574 1791 tuum
583 1753 752 1793 abundat
770 1755 925 1795 malicia.

185 1821 217 1845 2.
257 1806 485 1847 Generofior
497 1808 622 1847 Gallus
640 1811 856 1862 gallinaceus
867 1834 877 1851 ‚
893 1807 941 1847 de
955 1810 1058 1847 cuius
1075 1819 1207 1846 natura
1217 1806 1310 1845 nihil
1319 1820 1364 1844 ex
1375 1805 1592 1847 Plinioaffe-

98 1873 307 1903 ram‚natus
315 1864 420 1902 enim
429 1863 538 1902 domi
552 1862 617 1907 est,
628 1862 821 1915 Petrumq3
839 1865 1024 1916 increpuit
1036 1865 1181 1901 violatae
1191 1860 1289 1900 fidei.
1296 1862 1347 1899 Vc
1356 1874 1437 1900 non
1447 1863 1592 1908 injuria,

97 1916 163 1955 sub
178 1916 302 1956 forma
311 1915 407 1957 Gaui
417 1919 666 1972 intelligamus
677 1920 857 1957 Animam
867 1920 979 1971 piam,
988 1918 1206 1957 (ollicitantfi
1219 1917 1397 1970 suppliciis
1415 1915 1591 1962 Numen,

471 2038 582 2092 Xl.
630 2037 985 2114 Hierographia
995 2039 1203 2114 gemina.

183 2154 227 2195 ln
235 2163 363 2208 utroq,
373 2155 484 2195 latere
501 2153 732 2210 Qadrupes
748 2153 948 2194 infirmum
956 2153 1072 2198 vides.
1094 2152 1142 2193 Et
1152 2166 1233 2194 non
1250 2151 1352 2193 vides
1362 2163 1401 2192 te
1415 2163 1498 2194 tota
1511 2155 1590 2194 ani-

94 2223 156 2252 ma
163 2211 347 2265 languere.
361 2209 426 2249 Me
442 2209 641 2249 miserum!

185 2278 210 2303 ι.
241 2264 491 2319 Elephantem
514 2266 622 2304 variis
641 2263 785 2304 morbis
803 2261 897 2303 affici
915 2259 1083 2302 AElianus
1100 2261 1311 2301 observavit
1329 2275 1340 2304 t
1357 2265 1396 2300 δε
1411 2260 1590 2302 adversus

92 2319 317 2361 infestiores,
335 2319 489 2373 praesens
500 2317 716 2358 remedium
733 2317 805 2357 effe
822 2321 967 2359 vinum⁴
989 2318 1073 2367 Jam
1087 2316 1250 2355 docilem
1267 2316 1357 2360 effe,
1369 2322 1406 2355 δε
1416 2316 1523 2370 paene
1538 2316 1588 2356 ad

92 2376 282 2413 solertiam
293 2373 460 2413 nostram
467 2373 654 2418 accedere,
667 2373 804 2412 Plinius
821 2374 941 2411 refert.
961 2372 1053 2410 Haec
1066 2370 1181 2411 cauffa
1195 2371 1248 2410 est
1258 2399 1267 2415 ,
1282 2371 1387 2425 quod
1397 2370 1586 2425 :egritudi-

91 2431 265 2468 neanimi
276 2439 498 2482 correptum
516 2427 650 2479 Mysta‚
661 2427 723 2466 sub
740 2425 1144 2480 Elephanteexhibeat:
1163 2437 1206 2464 ut
1223 2425 1289 2464 sub
1298 2427 1401 2464 mole
1415 2427 1586 2478 corporis

91 2486 366 2522 enormitatem
375 2485 459 2521 vitae
474 2484 721 2535 intelligamus
739 2488 775 2520 &
787 2494 1017 2522 execremur,
1038 2480 1139 2519 Nam
1152 2481 1234 2518 salvi
1251 2479 1323 2518 effe
1332 2478 1524 2534 possumus
1533 2505 1543 2522 ‚
1555 2479 1584 2518 fi

92 2540 275 2576 volumus.
286 2537 341 2576 lta
349 2539 388 2575 in
394 2548 555 2591 promtu
565 2538 616 2577 est
626 2537 777 2591 sanguis.
786 2536 907 2590 quide
917 2537 1029 2575 cruce
1037 2536 1147 2575 fluxit
1156 2546 1166 2572 ε
1176 2540 1213 2573 δε
1221 2547 1288 2589 per
1303 2539 1437 2574 vinum
1446 2546 1581 2587 reprae-

91 2593 269 2631 sentatur.

182 2660 211 2683 2.
244 2646 417 2684 Cervum
427 2643 590 2684 finbund
597 2658 663 2684 um
678 2657 807 2684 natura
817 2674 823 2686 ‚
833 2645 954 2683 cursus
962 2641 1134 2682 incend'it
1142 2643 1268 2697 magis.
1279 2641 1361 2682 Nos
1371 2639 1495 2681 nudos
1503 2668 1514 2686 ,
1524 2643 1583 2680 in-

90 2713 225 2741 ermes,
234 2712 359 2737 terum
370 2704 549 2752 omnium
559 2699 705 2754 indigos
714 2712 861 2743 narura5
877 2699 934 2736 hae
949 2701 1066 2736 etiam
1083 2697 1294 2736 destituunt
1304 2696 1407 2749 saepe,
1416 2709 1498 2750 quat
1510 2708 1583 2734 no.

90 2754 174 2793 bisa
185 2753 341 2792 Parente
351 2758 388 2791 δε
401 2753 576 2793 Domino
595 2754 748 2794 Naturae
763 2754 992 2807 obtingunt,
1002 2765 1082 2790 non
1098 2753 1178 2790 tam
1193 2753 1300 2789 ullius
1318 2752 1450 2799 injuria
1465 2748 1582 2802 quam

89 2808 213 2846 nostra
223 2807 436 2847 socordiaac
445 2807 509 2846 nifi
520 2821 589 2848 nos
608 2810 826 2861 recipimus,
846 2806 947 2846 unde
967 2805 1129 2860 fugimus
1141 2832 1151 2850 ,
1167 2806 1291 2844 aetum
1308 2804 1375 2847 est,
1416 2803 1508 2843 Haec
1521 2805 1582 2857 pia

90 2875 196 2903 mens
208 2864 332 2902 seeum
342 2874 528 2917 repetens,
538 2864 636 2903 cervi
646 2862 768 2903 instar,
780 2861 826 2901 ad
838 2863 991 2901 fontem
1002 2862 1086 2901 vitae
1103 2862 1256 2901 revertit
1273 2857 1414 2903 festiva,

1400 2942 1579 2996 Symbokq

1683 659 1737 705 70·
