1980 3369
326 218 645 268 OMNIA
705 218 1146 272 FoRTuNAE
1207 221 1427 272 COM.
1557 169 1646 215 ’μ’

762 313 1020 348 MITTO.

281 393 379 443 Qs
389 390 539 428 dubitat
552 390 657 427 hune
668 390 883 439 Principem
898 418 908 434 ,
924 390 1020 435 dum
1042 391 1077 428 se
1095 393 1288 430 triremi&
1301 393 1398 430 mari
1418 393 1642 437 committit,

118 446 255 486 omnia
269 447 436 484 fortunae
457 446 723 483 committere?
754 446 920 490 Externa
941 447 1048 483 enim
1072 448 1178 485 bona
1192 475 1202 491 ,
1218 460 1304 496 quae
1323 448 1438 485 nobis
1449 448 1576 485 nostra
1591 450 1648 486 vi-

117 505 269 547 dentur,
281 513 407 539 revera
433 501 558 538 nostra
575 512 658 536 non
674 498 771 537 sunt,
784 499 843 536 sed
866 501 1020 539 tantum
1034 502 1183 540 interna
1195 504 1338 541 ‚animi
1356 505 1545 552 nempe&
1563 515 1650 540 cor-

118 559 236 608 poris.
311 557 376 593 Ob
398 557 434 593 id
450 557 534 593 Bias
548 555 642 592 dum
657 556 820 603 patriam
844 556 1092 604 egrederetur,
1118 560 1386 607 interrogatus:
1402 570 1468 595 cur
1493 558 1647 595 nullam

119 623 161 650 ut
174 613 237 657 alii
254 611 554 661 suppellcffilcm
567 609 696 647 secum
709 609 842 647 ferret?
863 610 1091 659 Respondit:
1106 613 1240 649 onmia
1253 625 1340 661 mea
1352 624 1508 649 mecum
1522 623 1649 662 porto.

117 669 327 717 Sapienter:
384 666 494 703 Nihil
510 667 615 702 enim
638 664 814 701 nostrum
833 665 896 709 est,
912 666 978 702 nisi
1000 667 1052 711 id,
1065 668 1173 716 quod
1194 665 1214 703 ἓι
1238 668 1353 704 nobis
1378 667 1519 704 auferri
1532 669 1649 705 nullo

117 723 244 761 modo
256 722 391 771 potest.
448 722 564 758 Hunc
584 721 761 767 Princeps
784 721 970 764 imitatus,
993 722 1088 758 dum
1110 722 1144 759 se
1160 722 1314 760 Caesaris
1334 721 1570 772 dominique
1590 722 1647 760 sui

115 776 232 824 causa
254 779 351 814 mari
364 777 584 818 committit,
599 776 746 822 inquit:
778 775 815 811 O
841 776 881 811 M
906 777 943 813 N
970 777 984 812 1
1006 776 1043 812 A
1085 777 1109 813 F
1123 778 1160 813 O
1177 778 1210 813 R
1228 779 1262 813 T
1278 779 1313 815 V
1328 779 1366 815 N
1380 778 1449 814 AE
1487 778 1520 814 C
1535 778 1572 815 O
1586 779 1648 815 M-

118 834 286 872 MlTT
301 833 352 869 O.
410 832 577 878 Reliqua
601 833 706 867 enim
731 829 838 866 bona
862 840 1015 868 externa
1035 843 1119 879 quae
1140 831 1399 880 possidentur,
1428 832 1574 870 etiamfi
1598 832 1648 870 ad

117 879 288 927 {iliorum
303 899 445 936 manus
461 886 788 935 peiveniant,non
799 895 930 921 tamen
946 887 1034 922 ideo
1048 888 1254 933 intereunt,
1271 898 1339 925 aut
1356 887 1648 925 fortunaecasus

116 945 221 994 patiu
229 953 324 981 ntur.
370 943 483 979 Solus
498 942 623 977 homo
637 942 666 976 is
678 940 814 987 est,qui
829 940 996 977 fortunae
1008 941 1169 979 insultus
1185 942 1346 991 perferre
1359 944 1562 992 cogitur,&
1575 955 1648 992 po-

115 999 193 1037 test.
252 1000 288 1035 Is
301 997 324 1035 fi
340 996 374 1034 se
387 997 557 1046 periculis
570 996 803 1038 committat,
820 1005 861 1032 ut
874 995 1099 1033 fidelitatem
1113 1009 1233 1044 quam
1259 997 1329 1035 suo
1339 998 1508 1035 domino
1520 998 1645 1041 debet,

115 1054 279 1096 testetur,
294 1051 391 1089 recrea
404 1053 539 1089 omnia
556 1050 622 1087 sua
636 1050 801 1086 fortunae
826 1053 1081 1095 committere,
1098 1051 1286 1090 asseverat:
1322 1053 1434 1090 Nihil
1448 1054 1554 1090 enim
1569 1055 1646 1090 vita

115 1110 165 1146 est
175 1111 315 1155 majus,
330 1107 449 1156 qndm
463 1108 529 1154 qui
545 1117 614 1154 pro
632 1106 799 1141 domino
831 1105 900 1142 suo
912 1108 1074 1154 exponit
1087 1129 1097 1146 ‚
1112 1106 1196 1146 vere
1209 1107 1244 1144 se
1266 1107 1423 1146 fidelem
1436 1107 1518 1153 esse,
1535 1119 1575 1146 ut
1586 1109 1649 1146 hic

115 1166 293 1213 Princeps
308 1163 514 1213 Symbolo,
527 1161 667 1208 jastare
688 1163 724 1197 δε
737 1161 893 1210 gloriari
916 1161 1049 1211 potest.

318 1272 1447 1325 1N MORA ET'VELOCTTATE

56 1410 61 1415 ἱ
265 1367 382 1405 Mora
407 1367 606 1410 testudine,
625 1367 806 1403 velocitas
830 1368 936 1410 navi,
962 1369 999 1405 &
1017 1379 1226 1416 utrumque
1247 1369 1436 1432 capescente
1451 1371 1588 1409 arbore
1601 1372 1647 1409 si-

114 1419 333 1470 gnificatur.
388 1422 434 1459 In
445 1435 557 1459 mora
574 1424 610 1459 &
626 1423 830 1459 velocitate
851 1434 976 1460 rerum
990 1424 1246 1472 gerendarum
1259 1420 1501 1463 foelicitatem
1519 1427 1646 1465 confi-

114 1477 207 1514 stere
219 1504 229 1519 ,
253 1477 383 1514 multis
397 1478 684 1528 Hierographijs
696 1476 891 1513 ostensum
911 1478 973 1515 est:
1030 1479 1270 1527 Quicunque
1284 1483 1388 1517 enim
1401 1493 1514 1518 mora
1530 1485 1567 1520 &
1581 1495 1647 1520 ve·

113 1531 271 1569 locitate
283 1534 455 1580 negotia,
470 1534 529 1571 vel
545 1533 698 1582 publica
716 1532 773 1569 vel
788 1533 933 1580 privata
956 1545 1065 1582 agere
1080 1534 1147 1570 fibi
1173 1537 1371 1584 proponit,
1396 1538 1559 1584 prudens
1581 1538 1645 1584 est,

113 1598 243 1635 neque
253 1585 367 1633 facile
380 1598 485 1633 errat,
497 1599 564 1625 aut
575 1587 788 1636 periculum
801 1588 860 1624 vel
871 1587 1063 1625 damnum
1077 1591 1246 1626 incurrit.
1304 1593 1408 1628 Nam
1435 1605 1547 1630 mora
1563 1605 1647 1642 per·

114 1642 247 1691 pendit
258 1642 437 1691 pericula,
456 1646 580 1692 eaque
595 1652 788 1691 praecavet‚
804 1645 842 1679 ὅ(
864 1643 1047 1680 velocitas
1071 1655 1283 1691 antequam
1299 1647 1389 1693 quid
1414 1648 1516 1684 aliud
1529 1650 1648 1686 inter-

112 1699 443 1747 cedat‚negotium
454 1697 610 1747 perficit:
669 1698 797 1735 Multa
811 1700 915 1734 enim
931 1709 970 1735 ut
984 1701 1111 1746 inquit
1124 1700 1188 1736 ille
1209 1701 1352 1738 cadunt
1365 1702 1466 1739 infra
1482 1704 1643 1741 calicem

113 1751 370 1802 supremaque
382 1753 501 1797 labra,
517 1766 561 1791 ac
574 1754 837 1795 eundumne,
850 1765 906 1790 res
928 1754 1025 1791 bene
1041 1755 1228 1803 perpensae
1251 1759 1289 1793 ἂ
1300 1757 1526 1803 deliberatae,
1554 1759 1646 1809 saepe

112 1806 242 1845 fruCtu
253 1818 393 1852 carent,
410 1807 669 1858 optatumque
685 1808 846 1858 scopum
861 1821 946 1847 non
958 1811 1166 1860 attingunt,
1180 1809 1430 1860 pereuntque.

330 1914 1195 1965 MITOELNMJIN'ALTO
1247 1915 1422 1965 MAR

577 2010 772 2044 SENZA
833 2010 1160 2045 GOVERNO.

261 2088 394 2135 Inquit
408 2087 667 2137 Symbolum:
692 2101 755 2126 me
781 2090 818 2125 in
843 2090 923 2126 alto
938 2090 1035 2127 mari
1061 2089 1203 2138 absque
1223 2089 1492 2138 gubernaculo
1510 2086 1647 2138 perspi-

111 2144 185 2180 cio:
202 2142 491 2192 Hieroglypton
523 2143 724 2193 Cymbam
759 2145 941 2182 fluffibus
966 2144 1148 2190 jactatam
1162 2173 1172 2188 ‚
1205 2144 1349 2193 absque
1375 2145 1646 2195 gubernaculo

110 2200 299 2236 continet,
355 2199 494 2235 Voluit
506 2198 767 2247 proculdubio
783 2201 908 2249 Mysta
921 2199 1130 2242 ostendere,
1148 2200 1182 2238 se
1201 2202 1242 2237 in
1262 2202 1393 2238 multis
1408 2203 1445 2238 &
1460 2202 1644 2237 maximis

110 2254 288 2303 periculis
307 2252 457 2297 versari,
481 2266 607 2302 neque
629 2256 742 2292 omni
765 2256 898 2292 ablato
913 2256 1062 2292 auxilio
1082 2255 1169 2293 scire
1183 2283 1192 2299 ,
1218 2257 1430 2303 quomodo
1453 2267 1646 2305 emergere

109 2307 242 2358 possit.
294 2309 491 2346 Vtramen
517 2309 672 2358 Cymba
687 2311 852 2347 fortuna:
885 2310 1109 2354 commiss'a,
1133 2311 1365 2348 interdum&
1389 2311 1569 2349 fluetibus
1594 2311 1643 2348 ad

109 2365 215 2401 littus
228 2365 436 2412 proijcitur,
449 2376 492 2401 ac
504 2366 669 2414 pellitur,
693 2369 742 2402 ita
767 2364 801 2402 se
815 2378 897 2402 non
915 2365 1152 2414 despondere
1173 2368 1367 2410 animum,
1382 2368 1441 2404 sed
1473 2367 1641 2403 fortunae

108 2422 158 2457 ira
169 2418 378 2462 confidere,
394 2421 502 2466 quod
515 2420 631 2469 speret
643 2422 691 2460 ab
707 2421 772 2458 illa
786 2421 990 2458 induetum
1005 2422 1169 2470 malum,
1183 2422 1285 2459 illius
1300 2422 1493 2459 beneficio
1504 2424 1641 2458 iterum

110 2474 146 2512 se
159 2473 472 2514 consecuturum.
531 2477 650 2514 Fortis
662 2478 769 2514 enim
782 2478 905 2513 animi
918 2476 981 2520 est,
997 2477 1090 2516 dum
1104 2476 1257 2514 adversa
1274 2488 1410 2527 urgent
1425 2480 1461 2515 ὃς
1476 2490 1544 2526 prae
1557 2489 1642 2513 nia-

109 2531 225 2567 nibus
243 2528 340 2568 sunt,
359 2531 403 2575 ijs
418 2542 501 2567 non
517 2530 778 2570 succumbere:
793 2530 851 2568 sed
867 2542 1001 2569 eontra
1017 2533 1086 2568 niti
1099 2532 1309 2576 ardentius,
1324 2545 1368 2570 ac
1380 2543 1643 2570 aerumnarum

109 2584 232 2622 finem
245 2584 311 2621 sibi
325 2583 429 2622 brevi
444 2587 628 2634 polliceri.
683 2589 788 2624 Tum
802 2586 909 2633 quod
923 2588 973 2623 rei
986 2587 1159 2624 melioris
1174 2587 1455 2636 spes‚dolorem
1468 2590 1640 2624 minuat:

108 2652 192 2678 tum
205 2638 313 2687 quod
334 2640 489 2678 nullum
504 2654 607 2679 onus
627 2652 709 2680 tam
723 2654 836 2692 grave
859 2642 879 2678 ἡ
905 2643 1068 2678 numine
1085 2643 1282 2688 inferatur,
1305 2644 1413 2691 quod
1438 2655 1522 2679 non
1545 2642 1643 2678 ferat

110 2697 451 2733 hominisnatura:
474 2709 559 2744 quae
581 2699 765 2746 patiendo
783 2699 999 2741 exercitata,
1015 2697 1252 2736 fortitudinis
1278 2699 1456 2735 habiturn
1477 2698 1640 2739 inducit,

109 2763 153 2789 ac
167 2751 373 2788 hominem
388 2752 677 2790 immortalitati
697 2752 906 2791 consecrat.

898 2857 1012 2916 04
1461 2849 1643 2898 51TE
