1980 3369
325 227 424 287 ’ᾧ
634 289 946 341 sEMPER
1026 289 1563 342 ARDENTmus

477 382 635 431 Aquiloe
647 385 739 431 quia
754 386 954 433 proprium
971 384 1021 422 est
1034 385 1214 424 altissime
1229 399 1300 437 prae
1313 388 1449 424 caetetis
1463 386 1598 422 avibus
1612 385 1756 428 volare,
1772 395 1860 433 pro-

323 450 453 491 pterea
466 440 506 476 in
518 439 847 490 Hieroglyphicis‚
864 439 1031 478 excelsas
1042 442 1165 479 animi
1177 444 1438 492 cogitationes
1451 451 1588 478 notare
1603 439 1709 477 solet.
1735 438 1861 477 Potest

324 499 457 542 itaque
479 493 580 532 reete
601 495 734 542 aquila
749 495 932 544 Mystam,
959 494 1021 531 seu
1046 497 1255 535 authorem
1272 496 1565 546 Hierographiae
1583 495 1793 545 difignare,
1817 504 1862 531 ac

320 552 478 599 serpens
492 551 559 598 qui
576 549 707 599 pestus
720 551 856 597 aquilae
871 550 1263 593 verberat‚amafiam.
1291 554 1343 590 Ex
1361 552 1554 602 Symbolo
1565 561 1694 587 autem
1721 550 1743 586 S
1758 550 1786 586 E
1797 550 1861 585 M-

322 608 351 644 P
369 607 395 642 E
410 606 447 641 R
487 605 523 641 A
540 606 575 641 R
591 605 626 641 D
643 605 669 640 E
684 606 720 643 N
734 606 769 641 T
782 606 797 641 1
811 606 848 642 V
862 606 899 649 S,
942 605 1183 654 dignoscitur
1203 606 1354 656 serpens
1367 606 1491 657 dipsas
1512 604 1596 649 effe,
1613 607 1682 653 qui
1694 603 1715 640 a
1731 603 1766 641 se
1779 615 1861 641 ver-

323 663 515 703 beratum,
531 659 587 697 siti
608 658 813 699 insatiabili
828 662 984 703 cruciat,
999 673 1044 698 ac
1055 663 1105 700 ita
1118 662 1247 706 afficit,
1263 673 1303 700 ut
1314 661 1397 711 quo
1422 662 1506 711 plus
1529 662 1650 704 hicat,
1663 657 1862 697 ardentius

322 726 466 766 potum
481 724 651 764 appetat.
710 715 854 753 Similis
869 715 942 754 fitis
958 717 995 756 in
1010 728 1145 755 amore
1158 718 1484 757 animadvertitur:
1507 718 1574 764 qui
1585 717 1691 753 enim
1705 715 1862 752 formo·

322 771 367 809 sae
380 771 571 813 foeminae‚
595 780 662 807 aut
686 771 820 818 puellae
845 782 982 810 amore
1005 782 1139 822 captus
1152 773 1221 816 est,
1247 785 1330 820 quo
1347 774 1431 822 plus
1444 784 1531 809 eam
1546 770 1861 819 contemplatur,

321 827 347 864 S
361 827 389 863 E
404 826 446 863 M
463 826 489 862 P
503 827 530 863 E
547 827 584 862 R
641 824 680 862 A
696 826 733 862 R
746 826 783 862 D
801 826 875 864 EN
890 826 925 866 T
943 827 957 863 1
974 826 1010 863 V
1023 828 1046 865 S
1091 827 1313 877 maioritfiue
1344 827 1642 875 contemplandi
1675 824 1863 863 desiderio

321 881 713 919 afficitur&tenetur.
769 883 822 918 Ea
844 882 950 918 enim
975 885 1123 920 amoris
1145 885 1199 920 vis
1223 884 1296 927 est,
1318 894 1360 920 ur
1383 895 1522 924 amans
1546 892 1755 929 nunquam
1779 878 1862 917 visu

321 939 456 975 amicae
469 935 636 979 satietur,
651 935 714 972 sed
747 936 770 973 S
784 937 812 972 E
825 937 866 972 M
883 937 908 972 P
923 938 949 973 E
963 939 1000 974 R
1034 937 1074 975 A
1086 940 1124 975 R
1137 938 1173 975 D
1188 940 1217 976 E
1229 941 1266 977 N
1279 939 1314 976 T
1330 939 1396 978 IV
1409 939 1434 976 S
1474 938 1612 975 intueri
1634 938 1776 985 cupiat,
1790 935 1861 972 do-

321 1003 394 1032 nec
407 992 474 1029 illa
487 991 648 1035 fruatur,
664 1002 710 1028 ae
729 992 787 1029 illi
800 992 968 1029 uniatur.
1852 990 1855 992 “

478 1101 695 1154 NON
771 1104 1068 1177 COECA
1147 1103 1697 1156 CONDEMUR

897 1200 972 1233 IN
1051 1199 1271 1234 ALvO.

471 1275 629 1322 Equum
641 1273 864 1312 Troianum
880 1275 1164 1325 Hieroglypton
1179 1275 1589 1322 refert‚ct1Jushistoria
1605 1277 1690 1314 Sex.
1704 1275 1861 1314 AEnei÷

317 1332 391 1368 dos
401 1329 423 1367 ὁ.
436 1331 604 1380 Virgilio
616 1331 804 1367 recitatur.
863 1332 899 1368 Is
912 1331 1138 1368 Graecorum
1152 1330 1251 1369 dolo
1264 1333 1392 1370 Troiae
1405 1333 1598 1381 capiendae
1609 1331 1722 1370 causa
1737 1343 1861 1370 extru-

317 1387 403 1425 stus
415 1396 506 1424 erat.
564 1385 808 1429 Obsederant
830 1388 938 1424 enim
964 1387 1140 1432 decennij
1166 1386 1296 1434 spacio
1319 1388 1485 1426 Troiam
1507 1388 1644 1431 Graeci,
1659 1399 1703 1425 ac
1715 1399 1806 1426 cum
1822 1387 1859 1425 se

318 1453 454 1491 capere
466 1441 603 1479 urbem
617 1432 720 1490 p'offe
733 1442 983 1490 desperarent:
1014 1443 1063 1479 ad
1075 1441 1287 1485 fraudes‚&
1301 1443 1418 1480 dolos
1431 1442 1771 1492 conversi,equum
1785 1445 1860 1481 im.

317 1496 460 1549 mensae
472 1497 758 1547 magnitudinis
775 1497 1193 1541 construxerunt‚intus
1207 1509 1430 1535 concavum
1444 1511 1489 1538 ac
1498 1499 1688 1536 militibus
1702 1498 1859 1536 tantum

315 1553 523 1602 repletum.
579 1553 667 1589 Hoc
685 1553 726 1590 in
741 1553 868 1592 castris
882 1553 1031 1597 relicto,
1055 1552 1175 1590 castra
1198 1552 1265 1602 ipsi
1278 1552 1486 1598 deseruere,
1510 1567 1555 1592 ac
1579 1555 1628 1591 ad
1650 1555 1862 1592 Tenedum

316 1608 487 1646 insulam
499 1619 583 1645 non
598 1608 736 1657 procul
749 1609 840 1656 inde
857 1608 1064 1646 distantem
1081 1608 1117 1645 se
1127 1619 1363 1657 receperunt,
1379 1610 1511 1658 paucis
1527 1611 1626 1647 circa
1640 1621 1788 1657 equum
1801 1621 1861 1647 rc-

316 1664 432 1708 lictis,
448 1664 516 1711 qui
531 1664 761 1701 nunciarent
779 1664 977 1708 Troianis,
993 1665 1179 1703 Minervae
1192 1663 1305 1702 sacris
1317 1675 1508 1714 occupata
1531 1665 1625 1702 urbe
1635 1665 1859 1703 dedicatum

315 1718 438 1762 fuisse,
462 1731 507 1756 ac
521 1728 718 1767 propterea
735 1721 933 1768 optimum
949 1719 1048 1763 fore,
1064 1719 1088 1756 si
1102 1729 1258 1758 tantum
1272 1720 1362 1758 Deae
1376 1721 1558 1758 oblatum
1570 1732 1729 1764 munus,
1743 1722 1783 1758 in
1795 1733 1859 1758 ur·

317 1776 405 1812 bem
420 1773 581 1811 illaesum
596 1775 644 1811 ad
672 1774 762 1813 Deae
774 1775 931 1814 delubra
945 1774 1166 1813 deferretur.
1236 1776 1406 1813 Troiani
1419 1776 1646 1814 machinam
1664 1777 1860 1820 admirati,

315 1843 362 1869 ac
382 1830 572 1879 religione
604 1831 800 1868 commoti
815 1859 824 1874 ,
849 1842 940 1868 cum
976 1843 1039 1880 per
1061 1841 1193 1880 portas
1223 1842 1308 1869 non
1343 1831 1513 1880 possent,
1535 1832 1671 1868 dirutis
1694 1832 1860 1869 civitatis

314 1887 449 1929 muris,
463 1886 566 1923 viam
581 1895 687 1933 equo
700 1886 886 1929 fecerunt,
901 1888 999 1923 acin
1014 1888 1212 1924 civitatem
1227 1897 1440 1925 traxerunt.
1496 1887 1537 1925 Id
1553 1899 1643 1924 cum
1660 1887 1780 1924 Graeci
1794 1899 1860 1924 au·

314 1940 460 1984 diffent,
476 1941 613 1978 statuta
636 1940 732 1978 hora
757 1942 805 1978 ad
832 1944 986 1979 moenia
1007 1952 1274 1991 properarunt,
1295 1954 1339 1979 ac
1350 1954 1455 1991 equo
1469 1941 1604 1979 incluli
1617 1943 1775 1991 pastum
1800 1942 1858 1980 fa·

314 1999 428 2034 cinus
441 2008 532 2033 cum
554 1996 854 2034 adventantibus
877 1997 988 2042 socijs
1009 1997 1193 2047 aggressi,
1210 1997 1382 2035 {imiliter
1403 1999 1619 2035 tumultum
1636 2009 1718 2036 non
1734 1999 1860 2035 levem

314 2063 421 2100 equo
441 2050 601 2102 egressi,
626 2053 665 2088 in
695 2053 848 2090 civitate
874 2054 1101 2090 excitarunt:
1161 2054 1218 2090 lta
1241 2063 1283 2090 ut
1303 2054 1463 2091 tandem
1478 2054 1779 2097 urbe‚Troianis
1796 2066 1860 2091 ex-

313 2106 431 2157 pulsis
446 2135 456 2150 ‚
485 2108 712 2156 potirentur.
770 2109 837 2146 Ad
856 2108 961 2146 hanc
981 2108 1183 2147 historiam
1204 2109 1341 2146 alludit
1363 2108 1487 2159 Mysta
1503 2109 1598 2146 dum
1612 2110 1685 2146 ait:
1712 2110 1749 2146 N
1767 2110 1804 2146 O
1819 2109 1856 2146 N

316 2162 538 2200 COECA
577 2161 974 2202 CONDEMVR
1008 2164 1075 2201 IN
1111 2163 1311 2201 ALVO.
1369 2165 1465 2215 Qio
1481 2165 1860 2216 Symboloindicare

314 2219 410 2260 vult,
428 2217 462 2255 se
475 2229 558 2254 non
572 2218 684 2261 dolo,
708 2221 746 2255 ὃ(
761 2218 910 2263 fraude,
933 2220 992 2256 sed
1017 2221 1156 2257 virtute
1178 2220 1304 2257 hostes
1320 2217 1410 2256 suos
1433 2220 1604 2268 superare
1616 2220 1724 2257 velle.
1781 2220 1858 2256 Ge-

314 2272 451 2312 nerosa
464 2271 668 2310 mehercle
682 2273 853 2311 Gnome:
912 2275 1087 2313 Animus
1110 2277 1215 2312 enim
1232 2287 1399 2324 magnus
1413 2288 1497 2312 non
1515 2273 1624 2319 redte,
1649 2276 1685 2313 ὅ(
1698 2275 1859 2313 clancu-

314 2331 413 2371 lum,
439 2327 498 2365 sed
513 2326 642 2376 aperte
663 2330 831 2366 inimicis
846 2341 988 2367 nocere
1001 2332 1128 2379 cupit,
1158 2340 1199 2367 ut
1214 2331 1282 2373 illi,
1299 2330 1334 2367 se
1346 2343 1429 2368 non
1446 2331 1621 2374 fortuna,
1638 2329 1697 2368 sed
1720 2332 1860 2368 virtute

314 2385 481 2434 superari
495 2383 675 2427 sentiant,
706 2396 749 2422 ac
760 2386 890 2429 virtus,
914 2387 1066 2423 inimici
1086 2386 1270 2423 dolorem
1283 2396 1435 2436 augeat.
1494 2386 1600 2423 Cum
1613 2389 1705 2435 itaq3
1718 2385 1752 2423 se
1766 2387 1860 2423 ulci-

313 2440 365 2480 sci
378 2441 485 2488 cupit
500 2440 638 2488 Mysta,
653 2440 783 2487 palam
796 2441 832 2478 id
845 2440 949 2483 facit,
965 2451 1007 2478 ut
1028 2443 1226 2486 inimicus,
1242 2441 1267 2479 fi
1282 2442 1338 2478 illi
1350 2444 1474 2490 impar
1496 2441 1548 2485 sit,
1569 2444 1761 2487 majorem
1784 2442 1857 2479 do·

314 2496 452 2537 lorem,
466 2493 576 2541 quod
601 2494 637 2531 se
652 2494 814 2532 vicissim
838 2496 965 2533 ulcisci
986 2509 1071 2534 non
1097 2495 1229 2545 possit,
1245 2500 1282 2535 &
1300 2497 1454 2536 hostem
1466 2496 1487 2533 :⁴1
1502 2509 1584 2545 quo
1598 2498 1737 2541 injuria
1752 2498 1858 2534 illata

312 2551 377 2594 est,
394 2546 551 2591 noscat,
577 2549 900 2599 impunitumc'1ue
932 2550 1050 2589 sinere
1082 2564 1267 2601 cogatur,
1302 2553 1456 2590 habeat.
1513 2554 1601 2590 Haec
1621 2552 1709 2590 sunt
1731 2553 1854 2590 animi

311 2607 447 2656 magni
461 2605 616 2648 indicia,
632 2604 943 2655 leonisc'1ue,non
958 2607 1171 2657 vulpecula>
1185 2620 1366 2646 naturam
1381 2608 1590 2646 ostentant.

581 2718 959 2768 PRUDENS
1036 2719 1576 2770 SIMPLICITAS.

465 2808 570 2847 Inter
581 2822 624 2848 ea
639 2823 724 2858 quae
745 2812 863 2848 vitam
880 2812 1093 2848 beatiorem
1116 2812 1303 2856 efficiunt,
1319 2814 1506 2851 Martialis
1531 2813 1759 2863 prudentem
1772 2805 1857 2849 fim-

313 2860 526 2911 plicitatem
540 2876 706 2920 enarrat.
727 2866 824 2905 Inde
839 2866 1081 2917 Symbolum
1104 2868 1353 2917 desumptum
1367 2869 1431 2906 est.
1483 2869 1748 2919 simplicitatis
1771 2878 1856 2915 pru-

1730 2923 1857 2959 dentis
