2074 3406
674 172 889 336 ³325}

216 225 631 310 Ξκπέ
1016 225 1187 368 {¹5²
1016 225 1497 312 Q&

53 506 1547 630 HIEROGRAPHIA

146 655 872 730 PONTIFICVM
919 658 1457 731 ROMANO-

450 755 653 805 RVM
710 754 1158 804 SIMPLEX.

66 870 69 871 ’
89 855 168 914 ξ’
140 852 258 923 Ul
280 860 321 900 Ο
333 874 354 899 L
366 875 390 901 u
401 874 434 900 M
446 870 469 899 ’Β
481 870 519 900 Α
526 859 742 901 (uolumine
750 861 958 916 refulgens
974 860 1010 904 S.
1014 860 1202 916 Spiritum
1211 861 1467 907 demonstrat,
1484 866 1550 919 qui
1619 870 1621 873 “
1651 895 1667 911 0

115 887 293 971 5132*
279 931 300 955 a
309 917 419 955 Patre
432 921 469 955 δε
480 916 571 956 Filio
582 915 808 970 procedens,
825 929 907 954 non
916 929 1033 955 unam
1041 917 1205 956 modo'
1181 916 1279 959 εσῖοω
1290 918 1550 973 Hypostasewn

47 1006 51 1011 f
67 966 193 1014 J‘ssisnt
200 974 256 1007 '1
279 974 495 1016 convincit,
506 970 567 1010 sed
577 977 616 1009 ὃς
624 969 889 1011 concordiam
877 983 917 1009 m
926 969 1081 1011 Ecclefia
1093 971 1234 1012 statuit.

468 1081 542 1135 Il.
566 1074 1138 1158 Hierographiastmplex.

138 1191 175 1232 Si
186 1191 316 1232 thema
325 1188 524 1245 quoddam
535 1191 587 1230 est
595 1190 744 1230 homin
733 1204 783 1229 is:
793 1194 830 1228 δε
839 1200 962 1229 certus
973 1188 1164 1230 causarum
1173 1203 1307 1236 nexus,
1319 1202 1453 1232 natura
1462 1205 1551 1248 pro—

51 1245 153 1288 Εεόὶὸ
162 1247 368 1289 ducuntur,
371 1258 454 1299 quae
462 1247 608 1285 ratione
619 1259 707 1285 non
711 1257 904 1300 reguntur
914 1245 1016 1285 Nec
1005 1258 1046 1283 in
1054 1248 1260 1285 animantia
1271 1258 1437 1292 tantum,
1441 1248 1499 1288 sed
1510 1254 1551 1288 δε

50 1302 207 1342 Plantas.
212 1300 483 1344 lmoinanima3
486 1299 640 1339 influit
625 1315 647 1339 a
658 1301 822 1355 supernis
833 1299 1055 1354 corporibus
1065 1301 1119 1340 vis
1129 1300 1319 1362 quaedam
1329 1301 1383 1340 lta
1393 1315 1550 1358 compa-

50 1359 137 1412 gine
147 1355 321 1420 quadam,
326 1367 401 1407 atq,
411 1356 574 1397 {ociavit
577 1355 710 1394 Verbis
718 1367 817 1410 opus
822 1367 902 1393 non
913 1353 978 1397 est
976 1355 1036 1393 Ac
1046 1367 1095 1393 ne
1103 1358 1289 1394 miremur
1301 1356 1478 1420 Anguem
1490 1358 1551 1396 vel

49 1424 165 1451 cantu
177 1412 375 1474 inignem,
387 1409 586 1449 velnatura
594 1409 639 1448 ad
650 1412 776 1463 supera
786 1412 887 1463 cogi,
904 1408 1040 1447 Homo
1050 1409 1193 1462 serpens
1203 1409 1313 1449 humi
1322 1410 1395 1452 est:
1383 1413 1468 1465 ·qui
1477 1423 1550 1452 nec

50 1478 180 1505 morte
188 1463 348 1520 potest,
334 1479 356 1503 a
367 1462 520 1503 Christo
521 1468 634 1513 ,cujus
644 1477 776 1504 amore
786 1469 822 1502 δε
833 1461 1017 1502 desiderio
1025 1462 1166 1516 flagrat,
1178 1464 1339 1517 separari.
1345 1464 1433 1504 Hoc
1441 1468 1550 1507 enim

49 1521 173 1597 sapere
181 1518 256 1566 est:
267 1523 305 1559 δε
315 1530 358 1559 ut
367 1529 499 1559 caetera
506 1518 716 1574 improbus,
719 1519 891 1574 sapientia
898 1518 1052 1558 celebris
1063 1523 1100 1556 &
1109 1520 1226 1558 clarus
1236 1518 1289 1558 est
1297 1518 1481 1574 Serpens

436 1629 554 1684 Ill.
576 1624 1152 1711 IJierographiafimplex.

132 1740 253 1781 Mons
262 1746 478 1785 coronatus,
479 1750 687 1781 ventorum
697 1738 839 1782 elidens
847 1738 1124 1795 tempestatem,
1130 1743 1167 1778 δε
1176 1741 1306 1781 locum
1314 1737 1502 1783 adverl'us'²
1490 1752 1549 1781 in·

42 1796 202 1845 judam,
211 1807 367 1841 tenens,
377 1796 605 1836 Innocentio
620 1796 715 1841 Vll.
724 1795 900 1837 Romana
908 1793 1200 1840 Hierarchiaest

444 1903 552 1962 IV
567 1902 1147 1985 Hierographiastmplex.

132 2014 291 2078 Serpens
298 2016 442 2055 circum
440 2013 610 2069 scapum,
614 2015 765 2056 lubrico
772 2018 874 2061 loco,
877 2016 1040 2080 serpens,
1041 2011 1244 2069 prudentia
1255 2011 1431 2068 Gregorii
1441 2007 1485 2051 X
1493 2006 1548 2055 ll.

46 2068 120 2113 est,
131 2082 308 2109 ommam
319 2068 532 2114 schismate,
540 2070 587 2109 ad
597 2070 844 2112 concordiam
856 2074 1040 2114 rimantis.
1052 2071 1274 2110 Concilium
1283 2072 1387 2107 enirn
1398 2066 1496 2106 eade
1504 2079 1547 2106 re

45 2124 175 2163 habuit
184 2123 291 2163 Pifis:
309 2128 347 2162 &
354 2124 590 2164 constantiae
579 2137 620 2165 in
628 2124 809 2173 ordinem
819 2125 977 2169 redacti,
992 2123 1173 2165 ordinem
1180 2123 1373 2167 servantis
1383 2121 1497 2163 Vides
1505 2134 1546 2161 c-

43 2180 182 2221 nimut
191 2177 398 2220 desummo
407 2176 549 2234 fastigio
561 2179 759 2235 solerterse
766 2180 1059 2223 dimittit‚tenax
1067 2179 1129 2219 sui.

453 2283 524 2343 *V
542 2282 1118 2378 Hierographiast'mplex.

130 2396 299 2438 Calicem
308 2396 462 2443 Christi,
461 2392 725 2455 Evangeiium
727 2399 867 2442 Christi
876 2400 1017 2443 astruit
1014 2423 1033 2448 2
1037 2396 1154 2456 quod
1163 2390 1376 2440 Alexander
1389 2391 1437 2439 V
1449 2393 1547 2471 libro

43 2449 206 2502 subjecto
216 2452 341 2495 dicere
349 2452 512 2496 videtur.

439 2561 500 2620 V
498 2561 538 2619 I
558 2560 916 2644 Hierograpbia
925 2558 1135 2643 fimplex.

130 2669 224 2710 Vas
212 2683 253 2711 in
260 2669 475 2718 honorem,
479 2684 545 2713 aut
552 2672 710 2719 honoris
720 2689 805 2723 vas,
820 2677 909 2719 Deo
919 2684 1120 2732 acceptum
1124 2669 1263 2729 Mystae
1270 2674 1363 2716 olim
1371 2678 1547 2729 pronun&

45 2724 208 2771 ciarum

1012 2961 1053 3003 (ἲ.
1397 2958 1544 3003 Roma-
