1980 3369
410 286 636 347 FIDEs
695 295 1029 345 MAIORA
1091 296 1345 347 FActr.
1551 229 1644 289 ’ἄρ’

237 394 340 430 Inter
351 391 667 441 Hierographias‚
687 392 877 441 insignem
891 404 962 441 prae
975 392 1057 439 alijs
1069 394 1216 443 ingenij
1235 394 1497 431 dexteritatem
1511 393 1643 432 foemi-

108 458 253 484 narum
280 448 477 486 ostendere
503 446 703 488 videntur.
758 449 848 485 Haec
874 447 1067 496 profesto,
1083 447 1203 495 fiquae
1216 449 1290 486 alia
1312 452 1398 486 n0n
1415 461 1553 498 parum
1572 450 1645 486 elc-

105 513 203 550 gans
216 503 279 546 est,
295 515 373 550 qua
387 503 593 541 discrimen
606 503 779 554 ponitur,
794 504 891 539 inter
905 514 949 539 ea
963 514 1046 550 quae
1056 501 1076 538 a
1093 512 1229 540 natura
1246 503 1340 548 sola,
1357 517 1401 542 ac
1414 516 1498 552 quae
1510 506 1643 542 numi-

108 559 165 594 nis
181 569 254 606 ope
266 556 380 596 fiunt.
437 560 635 607 Spestatur
648 561 753 596 enim
766 558 893 595 aridus
908 558 1019 595 oliva:
1042 559 1184 595 arboris
1202 569 1333 596 ramus
1348 587 1357 603 ‚
1381 558 1560 608 sacraque
1574 571 1643 597 co-

105 612 257 656 lumba,
278 613 545 651 ramusculum
567 614 691 650 rostro
709 614 917 661 arripiens,
933 625 977 650 ac
998 613 1095 650 folia
1117 614 1250 650 viridia
1278 613 1347 650 suo
1371 614 1516 651 attactu
1550 615 1642 652 inde

104 668 330 715 producere.
386 670 506 706 Sacrae
518 669 711 707 columbae
725 667 862 718 figura,
873 668 1033 715 Spiritus
1048 667 1330 711 sanstus,rertia
1346 670 1546 707 Trinitatis
1559 681 1642 719 per-

103 721 212 766 sona,
228 723 415 773 designari
428 724 532 768 solet,
545 721 656 772 quod
669 724 763 761 alias
776 723 969 770 columba:
982 723 1109 760 forma
1133 726 1359 771 apparuerit.
1414 725 1531 761 Hunc
1553 737 1640 763 non

102 776 232 815 solum
246 780 395 824 majora
407 780 543 821 facere,
555 778 675 826 quam
700 788 836 816 natura
851 778 980 826 possit,
1003 779 1122 815 cuivis
1136 778 1359 815 Christiano
1371 779 1538 817 constat:
1563 780 1638 818 Sed

102 835 219 870 etiam
234 846 325 871 cum
339 835 396 875 (ut
408 834 540 883 Mystae
553 833 703 871 sensum
718 833 906 883 explicem
920 834 931 878 )
946 834 1013 881 qui
1024 833 1081 869 illi
1096 835 1147 870 ita
1171 832 1328 870 firmiter
1343 833 1437 877 fidit,
1452 844 1493 871 ut
1513 835 1642 872 credat

100 888 215 937 ipsius
230 893 307 938 ope
322 889 344 926 fi
355 890 392 926 bi
407 901 489 926 non
502 888 768 932 defuturam,fi
780 888 875 936 quid
888 898 1026 925 natura
1047 891 1174 935 majus
1202 897 1333 925 tentet.
1396 889 1634 935 Hujusmodi

99 943 341 981 confidentia
365 947 403 982 &
418 945 561 982 FIDES
578 944 669 993 saepe
693 943 929 980 MAIORA
958 942 1135 987 FACIT,
1151 941 1271 992 quam
1285 953 1420 981 natura
1434 944 1530 992 ipsa:
1549 944 1641 982 reste

98 998 182 1048 ipso
194 1000 405 1043 Salvatore,
420 1001 487 1048 qui
502 1002 573 1036 ait:
596 1000 635 1036 Si
649 998 766 1036 fidem
792 998 971 1035 habueris
989 1008 1030 1035 ut
1042 1009 1196 1036 montes
1220 999 1447 1042 transferas,
1478 1000 1638 1037 transsc-

98 1064 239 1092 rentut.
299 1056 360 1092 Sic
373 1055 495 1092 Anna
511 1056 549 1092 in
564 1054 756 1091 senestutc
770 1065 815 1091 ac
829 1063 930 1090 extra
946 1054 1194 1102 concipiendi
1214 1063 1363 1091 aetatcm
1377 1054 1572 1103 provesin,
1592 1054 1638 1091 fi-

98 1111 195 1147 dens
210 1111 299 1147 Deo
313 1112 490 1159 concepit
505 1113 542 1148 &
557 1111 698 1161 peperit
711 1122 721 1149 3
750 1109 931 1146 Thobias
944 1108 1116 1146 fimiliter
1126 1109 1223 1148 Sarae
1239 1109 1496 1158 (lieet-septem
1511 1111 1580 1148 viri
1591 1111 1638 1147 il-

97 1166 123 1203 li
145 1166 390 1209 accubantes,
407 1164 606 1215 periissent)
620 1166 757 1202 divino
772 1164 924 1202 auxilio
938 1162 1073 1208 fidens,
1087 1163 1121 1201 se
1134 1165 1303 1209 credidit,
1317 1177 1361 1202 ac
1372 1167 1474 1202 nihii
1487 1167 1637 1202 incom-

96 1221 207 1257 modi
223 1221 344 1268 passus
360 1221 446 1267 fuit.
506 1223 713 1272 Qantum
727 1230 858 1258 autem
873 1218 990 1268 possit
1003 1218 1097 1257 fides
1111 1231 1169 1263 ea,
1186 1221 1225 1256 in
1239 1231 1316 1267 qua
1332 1220 1509 1257 divinum
1524 1223 1636 1258 auxi—

96 1277 193 1314 lium
207 1288 290 1313 non
305 1287 470 1326 apparet,
486 1278 523 1314 ὅ(
539 1287 659 1324 quam
674 1275 778 1324 saepe,
794 1287 879 1324 quae
891 1286 1019 1313 rerum
1034 1275 1270 1312 naturalium
1284 1275 1380 1311 vires
1396 1275 1569 1324 superare
1583 1277 1636 1312 vi-

97 1331 662 1381 dentur,efficiat,Philosophis
677 1343 721 1368 ac
734 1331 895 1368 Medicis
907 1330 1056 1369 constat
1068 1342 1078 1370 3
1090 1331 1157 1379 qui
1169 1329 1396 1377 hujusmodi
1408 1330 1525 1368 fidem
1542 1343 1637 1369 cum

94 1388 381 1436 imaginatione
403 1387 683 1430 confundunt,
707 1387 875 1435 atquein
899 1385 1060 1429 morbis,
1076 1388 1114 1424 &
1138 1386 1423 1435 praegnantibus
1445 1384 1633 1436 praecipue

93 1443 229 1479 elucet.
250 1444 347 1479 Non
365 1441 454 1480 raro
470 1444 588 1486 enim,
602 1452 758 1491 propter
767 1442 899 1491 aegr'oti
917 1443 957 1478 in
973 1441 1248 1485 medicum,vel
1262 1440 1519 1489 pharmacum
1533 1441 1632 1479 fidu-

93 1500 211 1541 ciam,
226 1498 389 1535 morbus
404 1497 600 1546 superatur
621 1499 658 1535 δε
672 1497 888 1546 depellitur.
945 1497 1098 1534 Fiducia
1112 1497 1216 1534 enirn
1232 1497 1293 1535 vel
1305 1495 1545 1540 fides,cordis
1560 1496 1632 1545 spi-

91 1555 187 1590 ritus
200 1555 238 1591 ὅ(
252 1552 477 1603 sangvinem
492 1562 638 1596 movet,
657 1550 868 1602 agitate‘que,
884 1563 929 1588 ac
949 1554 1134 1589 motione
1156 1552 1262 1589 illius
1275 1579 1285 1595 ,
1313 1552 1501 1596 calorem,
1531 1553 1631 1589 nati-

91 1620 186 1645 vum
211 1607 465 1657 sopitumfac
484 1610 607 1646 nimia
621 1610 768 1655 quiete,
785 1606 1084 1645 marcescentem
1106 1608 1257 1651 excitat,
1272 1609 1340 1656 qui
1361 1608 1631 1657 recuperandae

91 1663 262 1701 sanitatis
276 1663 582 1701 fundamentum
595 1663 663 1701 effe
678 1663 808 1712 potest.
864 1663 1104 1712 Praegnantes
1115 1664 1230 1701 eriam
1246 1662 1339 1711 quid
1363 1662 1453 1708 fide,
1476 1665 1514 1700 &
1531 1664 1631 1700 ima-

91 1719 298 1769 ginatione
310 1722 350 1757 in
365 1719 507 1757 foetum
519 1718 678 1769 possint,
696 1719 760 1755 cui
786 1718 936 1755 fruetus
958 1720 1152 1767 appetitos
1165 1746 1175 1762 ,
1200 1719 1239 1755 in
1253 1730 1296 1755 ea
1312 1720 1485 1767 corporis
1510 1728 1629 1767 parte,

89 1787 213 1822 quam
237 1774 646 1824 volunt,insculpunt‚
665 1774 786 1823 vulgo
809 1783 950 1810 notum
965 1774 1028 1811 est.
1085 1775 1223 1822 Itaque
1247 1773 1489 1822 propositum
1510 1774 1628 1820 hujus

89 1830 315 1878 Principissae
327 1830 484 1874 est,Deo
501 1831 593 1879 Opt.
605 1831 718 1870 Max.
735 1829 863 1873 fidere,
876 1831 914 1866 δε
929 1829 1067 1867 omnia
1090 1829 1154 1866 sua
1169 1830 1414 1867 committere
1427 1841 1437 1868 ε
1451 1827 1562 1877 quod
1582 1839 1629 1866 ea

89 1897 176 1931 qua:
190 1884 272 1922 fieri
287 1898 371 1922 non
384 1885 498 1935 posse,
513 1898 557 1923 ac
579 1895 704 1934 praeter
729 1895 910 1922 naturam
936 1885 1128 1928 videntur,
1155 1884 1259 1921 illius
1277 1896 1371 1934 ope,
1396 1886 1465 1933 qui
1490 1884 1627 1923 steriles

89 1940 299 1980 foecundas
312 1941 476 1986 efficere,
490 1943 527 1979 ὃς
543 1943 694 1988 majora
708 1951 828 1989 quam
841 1950 979 1977 natura
991 1939 1116 1978 facere
1129 1939 1259 1989 possit,
1274 1938 1540 1989 perficiantur,

446 2052 837 2122 uNDIQyE
894 2052 1269 2103 FRUSTRA.

238 2144 462 2194 Pyramides
481 2147 521 2182 in
548 2145 742 2196 AEgypto
762 2159 894 2196 regum
922 2149 1104 2196 pecunias
1127 2148 1385 2192 ostentabant,
1404 2159 1449 2185 ac
1467 2146 1626 2184 illarum

88 2198 291 2237 aedificatio
305 2201 582 2245 instituebatur,
608 2214 656 2238 ne
671 2205 834 2250 pecunia
849 2203 896 2239 ad
913 2201 1136 2240 success'ores
1150 2213 1216 2241 aut
1227 2203 1446 2242 insidiantes
1459 2203 1625 2240 aemulos

85 2256 316 2305 perveniret,
341 2268 439 2294 neve
461 2257 566 2305 plebs
590 2258 722 2295 ociosa
746 2256 844 2294 essct.
933 2259 1129 2308 Praecipuae
1148 2270 1222 2296 tres
1236 2258 1346 2301 sunt,
1376 2271 1462 2308 quae
1483 2259 1625 2295 orbem

86 2312 296 2359 implevere
329 2311 457 2352 fama,
482 2311 554 2348 sitae
577 2314 674 2349 inter
693 2312 917 2361 Memphim
944 2314 1136 2363 oppidum
1171 2316 1302 2362 (nunc
1323 2313 1530 2351 Alcairum
1551 2325 1625 2351 vo-

88 2377 220 2404 catum
254 2369 316 2413 (&
343 2367 456 2404 Delta
491 2366 681 2410 insulam,
709 2367 729 2404 a
750 2369 849 2405 Nilo
869 2367 1013 2405 minus
1043 2379 1211 2418 quatuor
1234 2369 1343 2407 milia
1368 2368 1565 2419 passuum,
1598 2366 1622 2405 a

88 2421 270 2469 Memphi
301 2420 363 2459 sex
396 2423 443 2459 ad
467 2424 596 2460 vicum
620 2423 766 2460 Busirin
782 2451 791 2467 ‚
811 2424 1055 2474 Pyramidem
1077 2426 1296 2462 maximam
1325 2434 1492 2462 trecenta
1516 2424 1624 2461 sexa-

87 2478 194 2525 ginta
218 2478 430 2515 hominum
454 2478 562 2515 milia
578 2507 588 2521 ,
623 2480 740 2516 annis
764 2480 900 2528 viginti
926 2479 1198 2524 construxisse,
1230 2481 1448 2530 produntur
1468 2508 1478 2525 ,
1502 2490 1622 2528 atque

85 2534 124 2569 in
153 2532 399 2580 Raphanos,
425 2536 462 2570 &
486 2533 637 2571 Allium
666 2562 676 2577 ‚
700 2546 745 2571 ac
779 2546 910 2583 coepas
933 2535 1040 2572 mille
1068 2536 1283 2586 oetoginta
1307 2536 1450 2573 talenta
1481 2535 1620 2573 dicun·

84 2598 159 2631 tur,
186 2589 370 2635 operarijs
392 2599 562 2638 erogata.
621 2587 875 2638 Amplissima
897 2590 993 2627 oOto
1015 2594 1145 2641 jugera
1167 2592 1318 2630 obtinet
1337 2590 1429 2629 soli,
1451 2590 1620 2639 quadra-

84 2653 144 2686 ta,
171 2645 280 2688 cujus
305 2655 430 2681 unum
449 2645 547 2681 latus
571 2644 688 2681 habet
710 2645 975 2695 ostingent052
989 2647 1027 2683 ὄζ
1046 2646 1251 2696 ofitoginta
1272 2657 1343 2684 tres
1358 2646 1481 2694 pedes.
1512 2644 1621 2682 Mul*

83 2700 111 2736 ri
143 2707 282 2746 putant
336 2702 590 2737 monumenti
634 2702 672 2737 ὅ(
705 2699 896 2749 sepulchri
938 2700 1052 2739 causa
1090 2700 1200 2740 fuiffe
1240 2703 1454 2749 extructaS,
1497 2710 1618 2750 utque

84 2765 227 2790 corum
242 2782 251 2796 ,
274 2766 446 2801 quorum
476 2754 571 2801 jussu
592 2755 768 2793 exttustae
792 2755 879 2793 sunt
898 2784 908 2800 ,
929 2766 1067 2795 aeterna
1088 2756 1174 2795 effer
1196 2761 1411 2799 memoria;
1425 2758 1617 2807 *quemadss

85 2809 253 2846 modum
289 2810 358 2847 illae
386 2817 527 2846 aeternae
562 2808 756 2859 nulloque
780 2811 909 2848 seculo
934 2813 1073 2861 perire,
1099 2824 1166 2850 aut
1191 2813 1331 2850 destrui
1351 2813 1455 2862 posse
1479 2814 1619 2852 viden·

83 2873 155 2901 tur.
212 2865 341 2902 Tanta
359 2866 465 2903 enim
488 2865 664 2915 lapidum
691 2866 819 2906 moles
840 2868 903 2905 cui
925 2869 1072 2906 aceedit
1094 2868 1224 2906 forma
1245 2870 1286 2906 in
1299 2877 1533 2909 mucronem
1556 2864 1614 2903 as·

932 2926 984 2977 Q
1439 2922 1610 2974 surgens,
