2027 3411
1505 271 1542 307 30

69 329 183 371 ,Hinc
193 329 254 368 illa
268 342 352 368 non
362 331 402 369 in
412 330 591 369 homines
603 338 768 372 tantum,
780 340 917 367 verum
930 332 1047 368 etiam
1055 331 1095 368 in
1103 330 1210 368 Deos
1219 327 1471 374 immortales,
1482 331 1542 366 in-

80 383 250 435 dignatio
258 385 394 424 Animi
405 383 615 426 insolentis,
631 396 713 420 non
723 383 744 420 a
754 385 905 422 ratione
916 383 1097 435 profesta,
1112 382 1176 422 secl
1186 385 1387 436 cupiditate
1399 381 1542 427 stolida,

78 438 193 482 inani,
206 436 375 477 molesta.
420 437 523 489 Qd
537 438 644 475 enim
659 435 746 474 huic
761 450 868 476 caeno
876 437 1061 476 debetur?
1078 440 1173 476 Non
1188 441 1387 489 praemium
1398 437 1461 476 sed
1472 450 1545 489 pa:-

77 505 136 531 na.
191 494 282 530 Haec
298 491 483 531 enodatio
496 491 794 543 Hierographiae,
807 490 920 544 digna
928 490 983 529 est
993 492 1164 544 Principe
1178 493 1288 538 Viro,
1299 494 1494 531 Caeterum
1507 493 1546 529 ὅ(
1588 508 1590 511 >

69 546 192 586 -bonae
199 546 279 598 spei
293 559 450 586 annona
463 544 534 587 est:
546 558 628 598 quae
640 547 680 584 in
688 545 785 595 justo
799 547 1041 585 commertio
1051 545 1228 586 veriatur.

342 655 473 708 ΙΙΙ.
523 654 1257 709 HIEROGRAPHIA.

147 751 282 789 Vitem
293 749 432 789 dietam
440 751 567 788 Varro
576 750 805 802 putat,quod
814 749 862 790 ad
872 763 961 790 uvas
969 748 1232 803 percipiendas
1243 751 1379 787 inuitet
1390 746 1538 794 Vinofi,

75 803 349 858 quodsitamin
369 817 412 843 ea
434 805 567 843 Vitam
580 803 806 844 existiment.
839 807 927 844 Nec
947 806 1011 845 abs
1034 816 1171 843 ventre
1183 804 1365 848 omnino,
1394 805 1540 855 *quibus

76 861 204 898 vivere
226 854 448 905 est'bibere‚
478 861 515 898 Si
525 860 632 897 Vino
642 870 793 897 tantum
809 871 1091 911 mergeremur,
1112 860 1320 897 Nuncvitis
1329 857 1428 895 latex
1457 869 1542 895 non

75 912 140 958 est,
152 914 260 966 quod
276 915 427 952 Vinum
445 913 707 952 hordeaceum
721 913 947 952 Herodotus
978 913 1150 966 appellat.
1204 914 1250 951 Et
1266 922 1363 964 quot
1373 909 1442 949 alia
1458 911 1542 949 sunt

74 967 304 1022 poculenta?
331 981 413 1021 quae
427 981 512 1008 non
531 979 681 1006 tantum
701 968 747 1006 ad
764 965 862 1007 fitim
875 997 887 1014 ,
908 967 1192 1017 necessitatem,
1210 979 1348 1007 verum
1361 966 1478 1004 etiam
1495 964 1543 1004 ad

76 1021 367 1075 voluptatem&
385 1022 560 1062 furorem
574 1022 823 1060 hauriuntur?
877 1024 1072 1062 Caeterum
1089 1023 1214 1061 tho
1238 1021 1438 1060 maritatur
1454 1032 1546 1072 pro,-

73 1089 160 1131 pter
180 1078 376 1116 raritatem
393 1076 598 1121 foliorum,
621 1073 695 1128 ipsa
718 1077 928 1115 Luxurians
946 1078 1043 1123 vitis,
1056 1076 1147 1117 cum
1165 1076 1365 1129 pampinis,
1379 1073 1466 1113 tum
1483 1086 1547 1113 ca-

73 1131 228 1184 preolis,
242 1133 282 1169 in
304 1144 398 1183 quas
415 1133 565 1183 nuptias
583 1131 779 1169 intentum
793 1131 848 1169 M.
862 1132 1116 1177 Ciceronem,
1137 1144 1222 1171 non
1242 1130 1369 1169 solum
1384 1129 1465 1182 spes
1476 1141 1544 1182 ge-

73 1185 220 1225 nerosae
232 1184 372 1224 sobolis
381 1198 518 1224 verum
528 1186 566 1223 δε
581 1184 737 1223 culturae
749 1184 917 1232 suavitas,
931 1198 1076 1225 naturae
1089 1187 1294 1226 dexteritas
1312 1183 1518 1223 oblectant.

72 1241 128 1280 Ita
152 1239 383 1285 claviculis‚v
395 1239 486 1278 eluti
495 1241 689 1284 manibus,
705 1251 890 1279 maritum
905 1241 1177 1294 circumplexa,
1186 1238 1366 1278 felicitate
1381 1237 1443 1277 sua
1452 1251 1545 1291 gau-

73 1295 151 1339 det,
163 1296 201 1333 ὃς
214 1292 315 1347 quasi
324 1294 513 1333 alacritate
534 1292 769 1334 diffunditur.
824 1295 929 1333 Hinc
942 1294 1009 1334 iste
1027 1295 1207 1340 frondes,
1228 1292 1342 1333 instar
1361 1292 1546 1345 porrezstae

72 1348 225 1394 frontis,
237 1362 327 1402 quas
340 1350 486 1389 vinitor
504 1350 670 1393 coercet,
680 1351 732 1394 δε,
750 1360 792 1388 ut
807 1349 976 1403 prudens
994 1351 1251 1404 gubernator,
1281 1347 1441 1401 plebem
1452 1347 1542 1387 alu.

74 1403 184 1444 'xurie
195 1403 243 1442 ad
263 1404 581 1442 moderationem
598 1400 716 1455 rp'sam
728 1402 887 1456 castigat,
908 1416 951 1443 ac
963 1406 1067 1457 cogit
1086 1404 1107 1441 a
1128 1401 1319 1443 frontibus
1334 1402 1382 1441 ad
1400 1401 1542 1455 fruges,

76 1458 181 1510 Qd
196 1460 310 1510 igitur
331 1457 369 1496 se
388 1458 463 1511 ipsa
472 1456 648 1497 lustinet?
668 1469 709 1496 ut
720 1459 759 1496 in
776 1458 966 1510 Symbolo
976 1459 1032 1497 est
1048 1458 1061 1496 ἒ
1080 1457 1200 1510 Qod
1210 1459 1251 1496 in
1264 1458 1404 1509 nuptiis
1416 1453 1542 1496 unum

73 1527 121 1552 ex
132 1513 283 1552 duobus
292 1510 367 1551 fiae.
421 1515 519 1551 Non
531 1511 567 1551 se
580 1513 662 1551 vitis
671 1510 837 1558 sustinet,
855 1511 922 1550 sed
936 1514 1019 1552 vitis
1030 1514 1070 1551 &
1080 1512 1220 1558 ulmus,
1231 1510 1319 1556 sive,
1332 1522 1373 1549 ut
1384 1513 1427 1549 in
1443 1523 1543 1550 con-

43 1608 47 1613 ,
71 1569 196 1608 nubio
206 1575 403 1612 maneam,
413 1567 508 1605 ulmi
518 1567 612 1605 vitis.
646 1567 809 1606 Accedit
821 1579 909 1607 cura
916 1568 1116 1612 Vinitoris,
1131 1565 1196 1616 sed
1206 1563 1442 1620 quiadiuvet‚
1458 1578 1546 1606 non

71 1621 206 1662 afferat
216 1633 401 1661 naturam.
435 1620 555 1673 Qod
564 1619 672 1666 vero,
687 1621 736 1660 ad
745 1621 929 1666 caelibem,
943 1620 1118 1675 nuptialis
1132 1619 1409 1673 Hierographia
1426 1620 1545 1659 ΒΑΜ-

70 1676 288 1730 goniusest,
297 1676 411 1729 regali
423 1675 594 1728 prosapia
602 1676 830 1716 Lodovicus.
886 1676 993 1716 Inter
1005 1687 1233 1731 purpuratos
1251 1678 1465 1726 cooptatuS,
1475 1687 1545 1713 ve-

69 1732 138 1772 luti
146 1734 187 1773 in
203 1732 321 1776 aliam
334 1731 517 1770 familiam
528 1729 676 1780 tranfijt.
692 1731 822 1784 Atque
831 1730 922 1771 hinc
931 1730 996 1777 est,
1007 1730 1114 1783 quod
1124 1728 1327 1784 gentilibus
1335 1728 1396 1767 sua
1405 1731 1543 1768 remit.

70 1792 169 1832 tens,
183 1788 221 1824 ὃς
233 1786 282 1826 de
295 1787 376 1837 jure
385 1784 454 1825 suo
462 1784 796 1830 cedens,a·uda&er
809 1784 915 1827 dicat.
933 1787 1010 1825 Res
1020 1786 1207 1825 Lodovici
1218 1781 1340 1828 vestri,
1352 1784 1460 1821 vobis
1472 1782 1541 1822 ha-

70 1841 224 1880 betote:
250 1843 354 1880 Nam
367 1840 403 1878 se
418 1839 495 1892 ipse
512 1838 761 1891 sustinet,jam
778 1839 982 1881 Ecclesiam
995 1840 1100 1882 ducit
1112 1841 1195 1895 :qui
1204 1838 1408 1890 repudiatis
1422 1850 1540 1878 mun-2

74 1894 178 1935 danis
189 1896 353 1941 &vanis‚
362 1895 475 1937 rebus
483 1893 594 1934 sacris·
601 1894 678 1934 sese
692 1897 894 1948 mancipat.

348 2004 465 2060 JV.
507 1992 1244 2061 HIEROGR'APHIA.

159 2097 270 2134 Inter
284 2095 497 2149 poculenta,
509 2095 582 2135 five
591 2095 811 2149 poculenta,
823 2095 877 2134 est
886 2098 1021 2136 vinum
1039 2096 1129 2136 mali
1144 2096 1286 2138 Punici,
1295 2095 1402 2146 quod
1412 2092 1536 2133 Rhoi-

72 2162 154 2190 tem
168 2151 319 2196 Plinius,
330 2150 667 2204 quemadmodum
675 2150 939 2190 hordeaceum
954 2150 1172 2190 cerevisiam
1182 2148 1394 2187 Lauantius
1402 2151 1535 2187 nomi-

70 2210 144 2244 nat.
187 2206 382 2244 Caeterum
393 2205 471 2244 hoc
486 2205 534 2245 ad
544 2206 766 2258 proximam
783 2207 948 2258 propius,
966 2204 1084 2259 quam
1099 2205 1198 2243 hanc
1214 2202 1537 2256 Hierographiam

68 2261 257 2314 pertinet,
290 2258 318 2298 si
338 2270 470 2299 tamen
487 2272 572 2300 non
592 2261 630 2298 &
649 2259 696 2298 ad
715 2260 822 2299 hanc.
879 2262 983 2299 Nam
1000 2260 1194 2313 liquorem
1205 2256 1389 2297 maturius
1405 2270 1451 2296 ex
1462 2270 1535 2310 po-

70 2315 142 2353 mis
152 2313 384 2366 express'eriS,
396 2314 514 2368 quam
524 2327 713 2367 vaporem
729 2314 946 2367 expectaris,
965 2314 1183 2367 praesertim,
1195 2314 1258 2366 qu'i
1268 2313 1410 2351 Iridem
1422 2311 1535 2351 colo-

68 2369 170 2407 ribus
179 2367 249 2407 suis
264 2367 418 2414 referat,
429 2381 470 2408 ut
479 2369 652 2422 Scalptor
665 2369 755 2408 vult.
806 2370 1017 2423 Erumpere
1030 2369 1226 2422 liquorum
1240 2368 1279 2406 in
1292 2366 1414 2417 *altum
1424 2366 1533 2419 posse

70 2435 156 2462 non
167 2435 281 2475 nego.
337 2424 405 2462 Vis
419 2425 527 2462 enim
545 2436 588 2462 ea
597 2423 661 2468 est,
683 2434 817 2462 contra
833 2436 1021 2469 naturam,
1034 2426 1072 2462 δε
1089 2436 1132 2461 ea
1142 2422 1189 2462 de
1202 2420 1334 2466 caussa,
1345 2428 1532 2460 momen-

76 2488 201 2522 tanea,
213 2488 276 2515 aut
296 2490 380 2516 non
393 2479 570 2517 diuturna
584 2476 726 2517 saltem.
782 2478 866 2516 Flos
884 2478 1007 2517 satinae
1022 2478 1113 2516 Mali
1133 2479 1279 2516 Punicae
1292 2478 1452 2528 Cytinus
1476 2476 1533 2515 di-

70 2533 187 2571 citur:
202 2530 421 2571 balaustium
432 2531 615 2577 siluestris,
630 2531 849 2572 Dioscoridi
864 2534 983 2572 Huius
998 2532 1167 2572 distincta
1180 2530 1373 2570 coloribus
1389 2543 1531 2582 genera

69 2588 326 2638 reperiuntur,
347 2586 571 2632 condidum‚
589 2586 750 2632 fuluum,
764 2589 982 2639 puniceum.
1013 2589 1067 2625 At
1082 2586 1213 2638 Mysta,
1228 2585 1292 2624 sub
1309 2596 1462 2630 cortice,
1473 2587 1533 2623 in-

76 2642 169 2693 quit,
186 2640 264 2678 haec
282 2652 384 2693 tego,
404 2641 470 2680 sub
486 2644 696 2694 putamine,
708 2640 814 2694 quod
827 2641 1070 2681 Malicorium
1085 2640 1221 2679 Plinius
1234 2653 1323 2680 cum
1336 2639 1532 2678 Dioscori-

70 2694 118 2733 de
130 2694 302 2747 appellat,
321 2709 404 2734 non
417 2695 525 2734 flore.
581 2696 656 2734 Sub
672 2697 818 2734 cortice
834 2696 1030 2750 vero,quae
1044 2695 1191 2734 Malum
1204 2696 1388 2733 Punicum
1406 2696 1533 2732 conti-

69 2761 158 2794 net,
186 2751 317 2800 [apore
343 2763 427 2788 non
444 2751 577 2788 colore
599 2749 841 2789 discriminat.
895 2751 961 2790 Ille
982 2750 1139 2802 quidem
1157 2748 1288 2793 dulcia,
1309 2751 1416 2794 acria,
1433 2752 1531 2788 mix-

70 2814 117 2848 ta,
133 2804 237 2842 acida
251 2805 289 2842 ὃ(
299 2803 450 2843 vinosa:
464 2804 524 2843 hic
536 2804 643 2848 vero,
655 2808 825 2856 quinque
836 2803 899 2842 ista
911 2806 951 2843 in
967 2807 1034 2844 tria
1045 2807 1193 2857 redegit
1211 2802 1358 2856 fastigia,
1371 2816 1412 2842 ut
1428 2805 1531 2841 Mat-

70 2858 214 2896 thiolus
226 2858 397 2897 declarat.
455 2860 534 2897 Vni
545 2858 667 2897 dulcia
685 2859 807 2896 :alteri
824 2860 920 2897 acria
934 2861 972 2898 δι
982 2858 1096 2904 acida,
1106 2861 1225 2896 tertio
1239 2861 1355 2897 mixta
1367 2860 1405 2896 &
1419 2860 1530 2896 vino-

71 2912 106 2950 sa
116 2914 305 2952 tribuens„
352 2915 507 2967 Propius
517 2913 564 2952 ad
583 2911 856 2951 Dioleoridem
875 2912 995 2966 Mysta
1006 2912 1190 2952 accedere
1213 2912 1332 2953 videri
1348 2911 1489 3003 possets.
1503 2910 1529 2950 fi

968 2969 996 3006 B
1020 2970 1042 3017 ij
1481 2969 1532 3005 ub
