1980 3369
338 213 405 258 16.

338 286 392 321 ta,
405 279 443 314 ὅ(
456 274 558 324 regia
570 271 773 322 potestate,
784 271 927 308 Interea
942 280 1075 307 tamen
1088 269 1225 307 omnia
1240 268 1289 305 ad
1300 269 1561 305 commodum
1575 269 1711 319 populi
1725 278 1855 320 aptare

338 334 487 371 debete.
532 327 669 365 ,Laude
680 326 842 374 quidem
854 326 967 363 omni
979 322 1250 374 dignissimum
1271 334 1361 360 cum
1375 324 1471 360 boni
1488 325 1668 373 principis
1678 323 1856 374 suprema

338 385 518 431 lex‚salus
531 381 668 432 populi
679 379 750 418 esse
759 379 975 424 debeat‚sed
989 392 1073 429 quae
1085 379 1208 415 multa
1222 378 1535 423 inconimoda‚&
1548 380 1713 427 pericula
1727 381 1856 418 secum

338 443 476 482 trahat.
504 438 638 476 Bellua
651 437 758 474 enim
771 436 989 473 multotum
1003 436 1175 483 capitum
1194 432 1245 469 est
1265 433 1450 482 populus,
1462 433 1602 482 quibus
1624 434 1782 486 fingulis
1798 436 1857 473 di·

340 496 442 537 versa
455 496 503 533 de
515 492 629 531 rebus
643 489 775 529 insunt
790 492 949 538 judicia,
962 491 1000 528 ὅ(
1016 489 1126 539 quod
1140 489 1207 526 uni
1222 488 1346 536 placet
1360 488 1467 525 alteri
1483 487 1666 537 displicet.
1725 491 1794 529 His
1809 503 1854 528 0.

339 551 499 592 mnibus
519 550 638 597 quiut
652 548 814 598 placeat,
829 546 962 590 studet,
976 556 1060 582 non
1073 555 1211 593 parum
1226 542 1650 594 consumitunanimic'p
1663 546 1700 582 ὅ(
1712 557 1856 596 corpo·

338 611 390 647 ris
403 609 499 646 vires
512 603 670 653 frangit.
723 603 821 640 Non
841 603 987 638 mirum
1001 602 1106 647 itaqs,
1122 601 1278 637 bonum
1301 597 1408 635 hunc
1429 600 1642 648 principem
1660 600 1795 638 officio
1816 603 1855 643 ὃς

338 662 552 702 vocatione
574 658 640 696 sua
652 654 802 695 strenue
814 655 1262 705 fungentem‚ostendere
1274 653 1373 690 velle
1395 654 1489 700 quid
1509 654 1604 691 lucri
1617 682 1628 698 ,
1643 656 1680 693 ὃς
1702 655 1856 693 emolu.

338 718 462 757 menti
472 714 604 753 oblata
619 712 845 750 illiducatus
857 712 1024 760 dignitas
1040 709 1187 748 afferat:
1203 708 1322 746 Nihil
1340 708 1657 758 videlicet,qu2m
1671 711 1854 760 pericula,

336 784 447 812 curas
462 773 499 809 &
514 765 808 813 sollicitudines,
821 779 908 817 quae
920 766 982 805 vel
993 766 1206 810 interitum,
1219 763 1278 802 vel
1289 764 1412 803 varias
1424 765 1562 810 animi,
1577 766 1616 804 ὄε
1627 767 1800 817 corporis
1809 777 1856 804 π·

337 827 552 880 gritudines
567 824 775 862 inducunt.
1091 822 1094 825 ’
1831 819 1834 823 ·

781 910 1052 962 ULTRA
1113 906 1434 959 NUBILA.

492 1010 531 1047 V
532 1019 547 1046 t
558 1006 666 1047 navis
678 1006 900 1056 tempestate
912 1005 1066 1052 jactata,
1077 1005 1238 1042 tandem
1262 1003 1434 1041 secundo
1447 1002 1603 1042 afflante
1620 1014 1738 1044 vento
1755 1003 1859 1043 secu·

341 1074 388 1108 to
399 1065 469 1105 esse
483 1068 523 1103 in
535 1065 632 1102 statu
644 1063 806 1106 videtur,
821 1072 865 1099 ac
878 1061 1032 1098 ciconia
1045 1061 1092 1098 ad
1104 1059 1286 1097 altissima
1309 1059 1489 1103 volatum
1501 1059 1684 1110 dirigens,
1698 1062 1859 1100 tandem

341 1125 462 1161 etiam
475 1120 571 1157 ultra
585 1118 722 1157 nubila
731 1116 873 1161 delata,
888 1128 979 1164 neq÷
990 1115 1011 1152 ὲ
1027 1116 1178 1165 pluviis,
1192 1126 1320 1162 neque
1333 1115 1454 1153 ventis
1466 1114 1635 1163 amplius
1646 1117 1862 1165 quicquam

339 1178 485 1228 perpeti
498 1175 704 1225 potest2ita
720 1170 945 1221 Pasquafius
959 1169 1025 1208 iste
1042 1171 1134 1207 Dux
1160 1169 1182 1207 ὲ
1201 1171 1354 1208 ciconia
1373 1180 1524 1207 nomen
1537 1168 1695 1210 familiae
1712 1171 1784 1209 suae
1794 1170 1860 1209 ha-

340 1233 451 1275 bens,
465 1231 627 1269 ciconiae
639 1228 825 1277 exemplo
835 1223 980 1277 egregie
993 1225 1172 1269 ostendit,
1188 1225 1224 1276 se
1244 1226 1291 1263 ad
1306 1224 1484 1263 summos
1503 1226 1664 1274 quidem
1688 1226 1863 1264 honores

340 1285 560 1339 pervenisse,
573 1296 618 1323 ac
631 1282 716 1334 post
730 1283 856 1320 varios
870 1281 1037 1319 fortunae
1059 1280 1235 1323 insultus,
1265 1292 1309 1318 ea
1334 1282 1415 1328 jam
1441 1278 1527 1318 satis
1558 1281 1735 1330 prospera
1758 1281 1861 1319 frui:

339 1341 478 1391 &etum
500 1338 684 1379 nondum
709 1335 823 1387 plane
837 1334 1015 1374 securum
1030 1335 1113 1380 effe,
1128 1345 1170 1373 ut
1188 1334 1290 1373 casui
1309 1336 1463 1373 ciconia
1477 1347 1522 1372 ac
1544 1336 1698 1375 vestuta
1720 1337 1863 1375 onusta:

340 1400 453 1439 navis
467 1401 681 1444 antequam
695 1403 850 1444 portum
864 1392 1032 1441 attigerit
1044 1391 1253 1441 naufragio
1267 1402 1312 1428 ac
1325 1390 1592 1441 submergendi
1605 1392 1777 1441 periculo
1795 1404 1862 1430 ex-

342 1453 465 1505 posita
477 1452 541 1491 est.
595 1451 677 1488 Has
692 1450 814 1486 animi
828 1444 883 1485 sui
897 1446 1146 1497 angustias,&
1159 1458 1269 1483 curas
1282 1446 1539 1496 Hierogiypto
1552 1456 1677 1493 notat,
1691 1459 1735 1485 ac
1748 1447 1863 1490 nihil,

341 1512 383 1549 in
395 1509 507 1546 rebus
519 1506 705 1544 humanis
716 1514 859 1547 tutum,
885 1504 1166 1550 neminemque
1178 1512 1268 1538 ante
1281 1500 1504 1550 supremum
1524 1502 1628 1539 diem
1651 1512 1863 1552 quantum·

341 1568 399 1605 vis
412 1564 570 1601 fortuna
582 1561 745 1598 arrideat
756 1560 915 1596 beatum
927 1558 1001 1595 dici
1016 1557 1118 1606 posse
1129 1554 1324 1606 fignificat.
1355 1557 1491 1594 Laude
1504 1567 1702 1606 propterea
1715 1560 1771 1597 no
1783 1569 1866 1595 me·

341 1620 466 1660 dioeri
477 1618 631 1668 dignus.
641 1612 755 1654 Nihil
767 1616 875 1651 enim
887 1612 1113 1661 prudentius
1124 1611 1244 1659 quitm
1257 1623 1397 1649 omnes
1411 1612 1570 1663 fortune
1582 1613 1788 1662 applausus
1801 1611 1864 1651 su·

344 1671 493 1726 spectos
507 1673 705 1715 habete‚&
720 1672 772 1708 ita
783 1668 940 1707 firmare
950 1670 1148 1711 anirnt'1‚ut
1160 1667 1185 1704 fi
1199 1668 1329 1705 velum
1347 1677 1591 1710 vertat,noxa
1604 1672 1660 1706 ns)
1672 1668 1866 1708 sentiatur.

342 1733 543 1781 Magnum
555 1727 650 1776 quid
662 1727 813 1763 videtur
825 1725 872 1761 ad
885 1723 1057 1761 honores
1069 1721 1245 1760 summos
1258 1723 1381 1766 evehi,
1409 1721 1468 1759 sed
1479 1733 1519 1759 ut
1535 1722 1679 1767 honos,
1694 1725 1746 1762 ita
1760 1733 1865 1761 onus

343 1785 484 1829 crescit,
500 1786 538 1822 ὅ(
551 1791 746 1831 quantum
759 1778 920 1817 honoris
934 1778 1122 1821 accrescit,
1141 1787 1296 1815 tantum
1310 1778 1490 1815 libertatis
1502 1777 1689 1816 decrescit.
1725 1779 1866 1829 Sicqui

342 1837 760 1889 rebusp.praeficiuntur
773 1835 973 1873 summum
988 1834 1148 1882 quidem
1162 1834 1295 1870 locum
1308 1832 1545 1882 summamq;
1555 1835 1785 1883 dignitatem
1797 1836 1867 1872 ob-

343 1901 483 1936 tinent:
498 1893 634 1933 verum
645 1893 794 1941 ingenti
814 1889 1003 1936 adjuncto
1015 1900 1145 1931 onere,
1159 1889 1256 1925 dum
1270 1888 1458 1925 omnibus
1481 1900 1525 1925 ac
1538 1887 1695 1939 singulis
1718 1890 1870 1939 reipub.

343 1951 531 1992 membris
544 1947 720 1998 regendis
732 1955 991 1994 occupantur,
1007 1955 1052 1981 ac
1065 1941 1166 1981 recte
1179 1953 1220 1980 ut
1231 1942 1354 1993 figura
1367 1943 1511 1980 indicat
1522 1946 1703 1982 onerariae
1721 1947 1811 1983 navi
1822 1944 1868 1982 sl·

344 2008 457 2046 miles
471 2005 571 2048 sunt,
582 2015 680 2051 quae,
692 2013 775 2050 quo
785 2000 955 2049 amplior
966 1998 1016 2037 eo
1027 1998 1134 2049 plura
1147 2000 1187 2036 in
1202 1996 1235 2035 se
1244 1998 1440 2047 recipit‚ac
1450 2010 1533 2046 quo
1545 1999 1668 2048 plura,
1683 1997 1733 2038 eo
1747 2000 1866 2038 obor-

342 2074 382 2101 ta
395 2059 619 2111 tempestate
633 2057 849 2104 majoribus
864 2054 1039 2105 periculis
1062 2055 1286 2103 exponitur,
1310 2065 1354 2091 ac
1375 2052 1528 2091 facilius
1546 2055 1658 2092 undis
1671 2056 1727 2104 (ni
1741 2054 1777 2092 se
1787 2054 1868 2093 cito

344 2116 549 2163 exoneret)
568 2114 757 2151 obruitur.
810 2110 1017 2149 Libertatis
1030 2106 1218 2156 jacturam
1233 2120 1367 2157 capere
1384 2108 1487 2153 illos,
1501 2111 1569 2157 qui
1586 2109 1740 2148 summa
1757 2112 1798 2148 in
1810 2111 1868 2148 di-

344 2175 492 2224 gnitate
504 2169 704 2207 constituti
717 2167 816 2211 sunt,
831 2165 1048 2204 notumest.
1104 2165 1181 2203 Vix
1202 2165 1310 2201 enim
1330 2165 1512 2202 animum
1531 2163 1553 2201 ὲ
1566 2166 1667 2202 curis
1686 2166 1867 2212 relevare,

346 2228 459 2268 rebus
472 2224 725 2267 domoesticis,
741 2218 907 2270 liberist'r,
921 2221 1022 2259 bene
1034 2218 1260 2262 educandis,
1286 2230 1331 2256 ac
1343 2218 1556 2258 valetudini
1575 2221 1754 2258 curandae
1771 2232 1869 2271 ope„

403 2291 488 2322 ram
500 2281 591 2317 dare
601 2279 675 2316 illis
688 2279 784 2315 lieet.
840 2278 931 2315 Haec
943 2276 1094 2319 omnia,
1110 2276 1179 2322 qui
1189 2273 1318 2318 nescit,
1332 2273 1358 2311 fi
1370 2273 1503 2318 desint,
1517 2275 1729 2313 libertatem
1741 2277 1816 2314 mi-

498 2346 630 2381 nuere,
644 2336 707 2374 vix
720 2331 826 2382 sapit.
883 2332 1052 2369 Valeant
1066 2327 1197 2379 itaque
1216 2328 1387 2367 honores
1400 2338 1459 2366 tot
1480 2331 1660 2379 periculis
1672 2342 1718 2369 ac

678 2387 952 2427 incommodis
972 2384 1142 2429 venales,
1163 2395 1209 2422 ac
1228 2385 1477 2424 mediocritas
1495 2386 1538 2424 in

837 2443 951 2482 rebus
970 2440 1158 2479 omnibus
1181 2450 1387 2488 quaeratur,

990 2499 1028 2535 ὃ(
1042 2494 1217 2533 sufficiat.

1065 2547 1116 2604 '‘a'’
