1980 3369
376 242 452 291 88‘
682 303 871 356 NON
935 300 1251 378 Qows
1309 301 1603 357 TEROR.

524 402 649 440 Silex
639 414 680 440 m
693 401 847 444 medio,
873 412 918 439 ac
935 402 1152 450 ignitabula
1171 404 1244 439 tria
1267 404 1414 439 circum
1427 401 1660 451 dispositam
1675 401 1747 439 hac
1763 402 1903 439 Hiero‘

370 457 532 510 graphia
546 467 768 496 cernuntur.
798 457 950 493 Omnes
965 457 1056 494 filici
1069 460 1269 499 minantur
1281 458 1392 500 ictus,
1397 457 1458 495 sed
1472 458 1536 494 ille
1567 458 1604 495 N
1620 458 1657 494 O
1671 458 1709 494 N
1739 457 1841 522 Q
1844 457 1901 493 Ο

370 515 438 552 Vl
451 514 475 551 S
509 515 579 563 (ut
601 515 654 550 ait
676 511 940 575 Symbolum)
963 513 998 549 T
1012 514 1040 549 E
1054 514 1148 550 Ritu
1161 524 1189 555 r:
1244 514 1348 563 Qia
1361 512 1507 551 etiamsi
1532 512 1711 549 allidatur
1741 509 1901 560 patique

369 568 619 608 vehementer
629 568 723 606 dum
736 576 1036 616 ignemexcutit,
1050 567 1243 612 videatur3
1264 577 1398 605 tamen
1414 567 1437 604 fi
1460 569 1508 604 ab
1532 567 1750 616 ignitabulo
1776 567 1905 609 ferreo

368 633 615 675 percutiatur,
631 635 715 661 non
728 624 857 660 teritur
870 621 957 671 ipse,
974 621 1034 660 sed
1047 622 1176 672 potius
1191 622 1347 664 ferrum.-
1360 624 1518 663 mollius
1532 624 1636 659 enim
1649 622 1763 661 filice.
1809 622 1901 659 Pro-

366 690 493 729 pterea
508 690 549 717 ut
563 678 727 728 patiatur
737 690 780 715 ac
793 679 925 727 ignem
936 688 1091 726 generet
1104 706 1114 722 ,
1136 680 1174 715 ὃς
1189 687 1357 727 promat,
1371 690 1415 714 ex
1429 678 1593 727 chalybe
1608 677 1689 715 fieri
1702 677 1901 727 ignitabu=

365 736 453 773 lum
463 733 602 786 debetz‘
641 733 768 781 Hujus
782 734 888 770 enim
912 733 1065 771 duritiei
1078 733 1191 778 cedit,
1216 744 1261 770 ac
1273 732 1461 770 atomosa
1477 733 1511 771 se
1525 735 1683 781 ignitos,
1710 731 1899 781 perculsus

367 791 481 835 eijcit·
541 789 767 841 Qomodo
777 799 909 826 autem
923 789 1021 837 ignis
1042 787 1226 827 illissione
1239 788 1303 825 illa
1319 798 1519 837 generetur
1537 788 1691 825 difficile
1703 788 1795 825 scitu
1809 787 1875 824 est.

364 845 451 895 Ego
464 847 502 882 &
515 848 672 886 motum
685 844 798 883 illum
810 842 1109 885 velocissimum,
1121 856 1204 891 quo
1217 855 1379 892 corpora
1397 843 1492 880 dura
1516 843 1731 880 alliduntur
1743 871 1754 886 ‚
1777 845 1815 879 &
1830 838 1901 879 sul-

365 901 467 950 phut
480 910 565 938 tum
577 899 817 949 lapidis‚tum
829 899 1017 948 chalybis,
1034 898 1163 937 solida:
1176 908 1341 936 matetiae
1353 899 1599 942 inhaerens‚&
1613 897 1900 941 combustibile,

364 952 626 1006 generationis
640 956 738 1004 ignis
751 954 823 992 esse
836 954 1035 991 existimo:
1058 955 1101 991 M
1111 964 1223 991 otum
1235 955 1492 1003 enim,ignem
1507 965 1551 990 ex
1568 954 1728 990 materia
1740 953 1878 990 inflam
1888 972 1901 981 -

365 1008 711 1061 mabiligenerare,
724 1010 867 1047 docent
879 1010 982 1059 ligna
997 1011 1038 1046 in
1053 1008 1088 1046 se
1098 1019 1239 1046 mutuo
1252 1008 1413 1052 affrista,
1429 1021 1514 1057 quae
1528 1008 1642 1046 facile
1654 1011 1784 1058 ignem
1797 1019 1897 1045 con-

363 1069 526 1116 cipiunt,
543 1068 581 1103 &
592 1065 765 1104 duriores
779 1065 924 1120 lapides
935 1065 1152 1106 molaribus
1171 1066 1315 1102 terendi
1332 1063 1445 1102 causa
1458 1063 1634 1107 adhibiti,
1649 1065 1718 1112 qui
1731 1066 1773 1100 in
1786 1063 1898 1110 aquis

364 1122 547 1159 scintillas
567 1120 670 1171 ignis
692 1123 866 1169 eijciunt.
923 1120 1044 1158 Restc‘:
1064 1122 1194 1169 itaque
1231 1120 1441 1170 Symbolo,
1456 1118 1492 1156 se
1523 1120 1560 1156 N
1575 1119 1613 1156 O
1625 1119 1662 1156 N
1693 1117 1714 1155 ὲ
1738 1118 1828 1169 QV
1845 1118 1899 1154 O-

363 1177 402 1216 V
417 1179 432 1214 1
447 1177 470 1214 S
505 1177 542 1213 T
556 1152 608 1213 Eo
598 1177 652 1214 Ri
673 1177 726 1214 ait
739 1177 878 1226 Mysta:
936 1177 1100 1213 Ferenda
1115 1177 1221 1213 enim
1236 1176 1358 1214 multa
1374 1174 1516 1212 suntin
1533 1174 1606 1212 hac
1618 1175 1900 1222 vita,neq·‚ma,-

362 1222 605 1285 gnanitniest
621 1232 747 1270 statim
760 1230 1201 1282 despondet-camimum
1259 1231 1347 1268 Sive
1360 1230 1502 1273 hostes,
1508 1228 1807 1267 siveinfortunia
1825 1239 1900 1277 prae

362 1288 548 1326 manibus
560 1285 654 1331 sint,
679 1289 715 1324 ὅ(
727 1299 812 1325 non
844 1298 981 1336 parum
994 1284 1250 1329 offenderint,
1274 1286 1524 1323 resumendus
1539 1287 1709 1328 animus,
1724 1295 1770 1321 ac
1791 1283 1898 1320 illata

360 1344 510 1381 damna
524 1342 637 1379 nihili
658 1342 863 1385 facienda,
888 1339 1158 1390 vincendaque
1171 1342 1305 1378 virtute
1318 1341 1478 1378 fortuna
1490 1340 1553 1377 est.
1613 1339 1784 1388 Qihaec
1808 1350 1897 1387 prae-

360 1399 455 1437 state
475 1397 608 1447 potest,
622 1397 743 1435 nihil
734 1411 774 1436 in
787 1397 900 1434 illum
912 1398 1044 1434 cadere
1054 1398 1202 1444 poterit,
1217 1397 1239 1434 a
1251 1408 1335 1444 quo
1347 1405 1491 1433 teratur
1501 1406 1568 1432 aut
1583 1394 1693 1435 miset
1706 1394 1784 1431 fiat:
1838 1392 1899 1429 A·

360 1455 493 1492 nimus
507 1454 614 1492 enim
624 1452 688 1496 est,
699 1455 768 1502 qui
791 1453 934 1490 teritur.
973 1453 1010 1489 Is
1023 1451 1049 1489 ss
1063 1452 1172 1490 fortis
1186 1454 1223 1489 &
1238 1451 1421 1489 constans
1444 1450 1554 1488 filicis
1566 1450 1680 1491 instat
1692 1450 1747 1496 fit,
1762 1447 1895 1499 illaesus

357 1518 622 1560 permanet,ac
632 1507 801 1554 adversa,
815 1519 943 1557 neque
956 1508 1185 1557 injucunda,
1201 1519 1329 1555 neque
1340 1508 1470 1557 gravia
1485 1507 1655 1555 percipit.

817 1594 1114 1665 VIRTus
1174 1595 1450 1646 uNITA.

508 1687 706 1727 Virtutem
716 1687 869 1725 unitam
883 1686 1085 1725 fortiorem
1096 1686 1167 1725 esse
1181 1686 1360 1737 dispersa,
1373 1697 1481 1724 vetus
1493 1685 1544 1723 est
1559 1684 1892 1735 philosophorum

354 1742 560 1782 sententia.
615 1744 690 1781 Pro
703 1744 850 1781 virtutis
865 1744 1047 1791 exemplo
1057 1744 1120 1780 hic
1134 1743 1302 1792 Elephas
1315 1743 1532 1791 depingitur
1545 1741 1692 1778 animal
1704 1751 1745 1778 ut
1755 1743 1895 1790 caeteri-s

355 1801 497 1845 maim,
512 1800 563 1836 ita
583 1798 792 1836 robustius.
848 1797 1096 1847 Conspicitur
1116 1796 1181 1838 hic
1195 1798 1318 1844 fascijs
1330 1798 1470 1846 ligatus
1483 1825 1492 1840 ‚
1509 1806 1548 1833 ut
1559 1798 1656 1835 unio
1673 1797 1738 1834 illa
1752 1796 1895 1842 virium

354 1853 620 1904 proculdubio
633 1852 881 1903 significetur.
893 1853 1043 1893 Verum
1055 1854 1148 1901 quid
1161 1854 1327 1896 fuci‚aut
1340 1852 1476 1889 muscae
1488 1852 1736 1899 elephantem
1749 1863 1894 1891 vexan-

353 1920 409 1947 tes
421 1904 734 1952 notcnt‚difficile
747 1909 950 1955 conjestu:
979 1908 1059 1946 Nifi
1073 1907 1175 1946 forte
1189 1910 1282 1946 vites
1295 1907 1474 1957 dispersas
1488 1907 1672 1943 indicent.
1713 1908 1820 1944 Nam
1836 1908 1893 1944 in-

355 1976 539 2007 numerae,
555 1965 592 2001 <Sc
607 1963 845 2012 separatae,ut
858 1965 900 2001 in
915 1964 1173 2014 Hietoglypto
1188 1974 1392 2013 apparent,
1409 1962 1507 1999 nihil
1523 1962 1690 2010 praestare
1703 1961 1819 2011 poffe,
1833 1963 1893 1998 ni·

353 2017 490 2068 hilc'lue
501 2019 795 2056 viriumhabete
805 2019 925 2061 cuivis
937 2029 1084 2057 notum
1098 2020 1159 2057 est.
1217 2016 1380 2069 Mystice
1400 2028 1530 2056 autem
1544 2017 1622 2054 haec
1634 2019 1685 2054 ita
1708 2019 1893 2065 interpre-

353 2076 426 2112 tati
440 2073 606 2122 possunt.
667 2075 862 2127 Principes
884 2072 1028 2124 nempe
1043 2073 1222 2123 virosc'lue
1236 2086 1417 2124 magnos,
1428 2074 1525 2109 dum
1538 2084 1678 2109 omnes
1694 2072 1781 2109 suos
1794 2084 1894 2109 con-

353 2130 488 2167 cordes
503 2131 541 2166 &
557 2130 764 2166 unanimes
789 2129 948 2173 habent,
970 2142 1138 2177 majores
1152 2130 1294 2167 habere
1307 2127 1540 2177 vites,quam
1556 2127 1578 2163 fi
1594 2127 1783 2164 discordes
1799 2127 1870 2164 sint
1882 2149 1893 2166 ²

353 2187 393 2223 ὅ(
410 2196 492 2221 non
504 2186 756 2224 conveniants
773 2183 835 2221 Ac
859 2184 1080 2223 muscarum
1101 2196 1168 2223 aut
1182 2184 1381 2227 fucorum,
1396 2184 1433 2220 id
1458 2183 1509 2219 est
1522 2184 1839 2225 adversariorum,
1853 2185 1893 2220 δε

352 2240 528 2278 hostium
541 2239 711 2283 fraudes,
728 2249 895 2277 conatus
909 2267 920 2285 ,
936 2242 1155 2289 &impetus
1180 2239 1332 2277 facilius
1347 2240 1440 2275 serre
1453 2236 1565 2286 polse.
1629 2237 1797 2286 Sumpfit
1811 2238 1891 2276 for-

351 2294 458 2333 tassis
470 2295 560 2331 ideo
575 2294 678 2332 hanc
689 2295 1019 2344 Hietographiam
1033 2297 1272 2344 Princepszut
1285 2292 1453 2331 studiose
1467 2292 1556 2330 suos
1568 2294 1781 2330 concordes
1795 2292 1893 2330 sem-

351 2363 419 2401 per
437 2350 609 2394 sctvatet,
623 2347 748 2399 eadue
759 2352 911 2387 radone
923 2362 1051 2388 rerum
1070 2352 1282 2388 ubertatem
1295 2352 1487 2397 majorem
1501 2376 1511 2392 ,
1538 2349 1574 2384 ὃ(
1589 2349 1806 2396 reipublicae
1818 2347 1890 2385 suae

350 2407 491 2444 statum
506 2405 718 2442 firmiorem
729 2403 1038 2453 consequeretur:
1100 2405 1324 2443 Concordia
1339 2406 1442 2441 enim
1457 2415 1512 2440 res
1527 2415 1648 2451 parvae
1669 2403 1839 2441 crescunt
1852 2405 1891 2441 &

350 2460 539 2498 discordia
552 2458 726 2501 maxime
737 2461 977 2499 dilabuntur.
1034 2459 1146 2498 Raro
1159 2461 1258 2498 benc
1272 2461 1382 2503 uniti,
1398 2459 1502 2495 bello
1517 2457 1692 2506 superari,
1705 2458 1889 2503 disjuncti

349 2514 538 2554 facillime
556 2514 722 2564 possunt.
779 2516 959 2564 Princeps
972 2518 1041 2563 qui
1051 2514 1165 2554 facile
1179 2516 1306 2554 hostes
1325 2514 1500 2564 superare
1515 2514 1608 2558 vult,
1624 2513 1889 2563 stratagemate

349 2572 439 2609 illos
457 2571 677 2620 disjungat,
702 2570 818 2608 nullo
842 2571 976 2609 labore
989 2570 1192 2620 superabit.

618 2658 809 2708 NON
856 2659 1257 2709 DEGENER
1308 2655 1625 2706 ADDAM.

502 2751 678 2792 Candela
690 2753 829 2790 ardens
839 2753 999 2801 depellit
1011 2752 1187 2789 tenebras
1199 2780 1209 2796 ‚
1235 2754 1272 2789 ὃ(
1286 2761 1477 2800 tanquam
1503 2752 1595 2787 lucis
1612 2762 1759 2799 parens,
1776 2750 1812 2785 in
1821 2761 1889 2785 nu-

346 2819 471 2845 meras
485 2809 579 2845 alias
594 2808 802 2845 accendere
817 2808 951 2857 potest.
1012 2807 1144 2856 Mystae
1158 2819 1299 2844 manus
1326 2809 1501 2844 minores
1514 2807 1696 2843 candelas
1711 2815 1889 2854 compre-

347 2861 523 2900 hendens
547 2865 600 2901 ait
613 2863 818 2914 Symbolo:
840 2863 965 2905 NON
999 2862 1037 2899 D
1050 2863 1078 2899 E
1092 2862 1125 2899 G
1138 2863 1167 2898 Ε
1181 2863 1218 2899 N
1230 2863 1259 2898 E
1274 2863 1307 2902 R
1348 2862 1582 2899 ADDAM:
1604 2861 1889 2949 supplelugeiii.

1817 2926 1886 2950 au-
