1980 3369
1503 251 1603 294 129.

80 305 120 347 ,in
134 303 335 352 pristinum
348 299 489 352 statum
501 300 680 352 reducere
693 298 826 349 potest.
881 297 1000 347 Sequi
1022 300 1170 338 videtur
1183 300 1262 338 hoc
1285 301 1371 339 casu
1387 302 1533 340 Biantis
1546 305 1607 341 di-

81 359 207 395 cium:
229 353 462 405 quiincensa
477 356 597 407 patria
619 355 1173 405 admonituS,seuincrepatus,
1188 354 1298 404 quod
1327 357 1425 394 nihil
1444 357 1608 397 suorum

81 412 284 451 bonorum
297 424 341 449 ex
357 410 540 459 incendio
550 408 678 449 secum
690 408 834 447 efferret
847 437 857 453 ‚
870 419 911 446 ut
923 412 1057 452 caeteri,
1073 411 1301 459 respondisse
1315 413 1472 450 dieitur:
1495 414 1607 452 bona.

77 479 167 506 mea
180 468 317 505 omnia
329 477 486 503 mecum
502 475 637 514 porto:
659 467 840 502 animum
853 465 1112 515 intelligebat,
1137 468 1248 517 varijs
1262 468 1466 506 virtutibus
1480 496 1489 512 ‚
1517 470 1606 506 arti-

79 522 151 572 bus
163 544 175 562 2
196 534 241 560 ac
265 521 425 562 scientiis
441 519 668 558 instrucium
682 548 692 563 ,
711 519 1026 569 suppelleffili.ac
1039 523 1210 569 pecunijs
1224 521 1606 572 praeferendum,quo

79 589 164 618 non
177 577 304 617 solum
319 574 502 626 praesentis
525 574 693 612 fortunae
716 576 875 619 injurias
899 573 934 612 se
944 573 1129 624 superare,
1145 575 1204 612 sed
1221 578 1270 613 ita
1284 589 1360 614 rem
1380 577 1489 615 suam
1502 579 1604 616 insti-

78 643 183 672 tuere
196 631 301 681 posse
320 630 557 671 confidebat,
573 642 623 668 ne
644 633 683 668 in
696 630 889 679 posterum
908 640 1043 680 egeret:
1098 632 1251 668 Haercnt
1267 634 1373 669 enim
1390 634 1605 682 praecordijs

79 695 166 727 vera
177 688 298 726 bona,
310 684 480 735 vivoque
492 685 592 723 nihil
603 686 757 734 eripitur
768 683 1035 734 possessbri‚sed
1050 697 1097 722 ne
1107 696 1270 724 mortuo
1284 688 1456 734 quidem,
1470 690 1509 725 in
1524 690 1606 726 ani·

78 755 143 781 ma
157 742 345 792 siquidem
359 741 458 784 sunt,
472 753 554 789 quo
569 752 640 778 nec
652 740 830 782 fortunae,
850 752 921 777 nec
934 742 1070 778 mortis
1082 741 1209 778 dextra
1224 740 1258 778 se
1273 743 1441 793 porrigit.
1498 744 1607 782 Vera.

77 799 186 836 bona
200 800 238 836 δ(
252 799 412 834 virtutes
426 807 509 833 non
523 796 698 833 delentur
709 794 877 833 fortuuae
891 796 986 838 telis,
1011 807 1083 833 nec
1096 797 1184 845 igne
1196 798 1491 846 extingvuntur3
1514 797 1605 836 Irno

76 853 208 904 potius
221 862 411 901 augentur
421 853 458 889 &
471 852 650 888 clariores
664 850 777 889 fiunt.
833 851 886 887 Vt
900 852 1004 887 enim
1020 850 1120 893 Solis
1133 850 1310 899 splendor
1320 849 1404 901 post
1414 852 1606 898 tenebras,

78 908 122 946 ac
135 907 307 946 discussis
321 907 473 944 nebulis
495 908 664 944 vivacior
679 915 837 953 apparet
850 934 860 950 ,
875 907 925 943 ita
951 907 988 945 δε
1005 908 1123 943 virtus
1145 907 1363 943 calamitate
1381 907 1606 948 obscurata,

75 960 315 1013 tandemque
325 961 648 1011 depulsa,clarior
659 959 846 997 elucescit.
904 962 1090 999 Premitur
1113 973 1199 999 non
1216 963 1453 1012 opprimitur
1469 964 1604 1008 virtus,

76 1030 122 1057 ac
134 1017 217 1068 quo
227 1019 351 1068 magis
362 1018 598 1067 deprimitur,
611 1015 661 1054 eo
675 1015 813 1054 fortius
827 1015 861 1053 se
875 1017 995 1068 erigit.

477 1128 784 1181 SEMPER
862 1127 1225 1178 IMMOTA.

226 1221 427 1261 Diversam
448 1220 468 1258 ὲ
485 1231 587 1272 patre
599 1224 634 1260 δ(
650 1232 770 1259 matre
794 1221 1119 1271 Hierographiam
1142 1224 1221 1260 edit
1234 1223 1289 1260 M.
1305 1223 1506 1261 Antonius
1521 1223 1604 1262 Co·

76 1277 213 1317 tumn-:i
229 1279 380 1316 iunior:
405 1277 476 1314 Sed
490 1279 630 1315 eodem
654 1277 784 1317 sensu3
805 1286 846 1313 ut
864 1278 970 1314 enim
993 1289 1156 1325 quercus
1188 1280 1304 1316 arbor
1324 1279 1524 1317 durissima
1540 1308 1549 1322 ,
1565 1281 1605 1320 δε

72 1333 335 1372 robustissima
351 1360 362 1377 ,
384 1335 496 1370 omni
518 1344 724 1371 ventorum
748 1333 878 1383 generi
898 1330 972 1369 sese
1001 1335 1190 1380 opponit,
1223 1347 1267 1370 ac
1280 1333 1607 1383 semperimmota

73 1399 217 1427 manet:
233 1392 284 1426 ita
302 1389 521 1436 Principum
535 1391 572 1428 ὅ(
587 1389 766 1428 Heroum
779 1389 902 1425 animi
922 1388 1040 1424 nullis
1051 1388 1217 1426 fortunae
1228 1391 1312 1442 telis
1327 1392 1456 1428 cedere
1470 1391 1608 1427 debere

73 1445 251 1482 ostendit.
306 1445 443 1494 frangi
462 1444 543 1481 lazvi
556 1444 722 1481 fortunae
743 1443 904 1481 adversm
925 1442 1058 1479 afflatu
1073 1446 1265 1488 animum,
1285 1447 1470 1483 muliebre
1485 1445 1548 1489 cst,
1565 1446 1606 1483 ὃς

73 1502 162 1538 viro
181 1500 401 1549 indignum.
457 1500 578 1537 Fortis
592 1501 747 1543 vir,n0u
762 1497 890 1537 solum
903 1497 1054 1535 adversa
1069 1511 1150 1536 non
1165 1499 1348 1545 metuere,
1363 1501 1421 1539 sed
1437 1513 1483 1538 ne
1498 1513 1608 1537 mor·

73 1565 152 1592 tcm
164 1555 322 1601 quidem
334 1554 465 1591 debet:
497 1564 539 1591 ut
552 1554 740 1598 Socrates,
754 1556 822 1603 qui
844 1554 1004 1590 Platone
1017 1554 1106 1590 teste
1121 1557 1158 1593 in
1175 1555 1352 1606 Apolog.
1365 1558 1480 1594 mom·
1496 1557 1605 1602 adju·

71 1611 391 1658 dicatus‚proptet
407 1608 664 1659 philosophiae
684 1608 866 1647 sinceram
893 1608 1187 1657 professionem,
1200 1611 1245 1647 ad
1260 1613 1425 1655 judicem
1441 1621 1607 1648 conver·

73 1664 133 1703 sus
145 1667 214 1702 ait:
236 1664 426 1713 Equidem
442 1676 511 1701 vos
525 1676 663 1701 omnes
678 1663 859 1714 singulari
873 1665 1043 1710 quadam
1059 1665 1329 1704 benevolentia
1353 1666 1606 1715 conplce'ior:

72 1720 288 1770 parendum
307 1728 439 1756 tamen
472 1722 600 1768 potius
619 1720 724 1757 duco
751 1720 840 1756 Deo
864 1720 1106 1762 immortali,
1130 1720 1251 1768 quam
1281 1723 1406 1761 vobis.
1468 1723 1607 1769 Itaque

72 1776 263 1823 quamdiu
277 1777 315 1812 ὃ(
332 1774 482 1822 spirabo
497 1777 533 1812 ὀὶ
547 1785 706 1824 potero,
731 1786 938 1822 nunquam
964 1773 1222 1824 philosophia:
1241 1789 1372 1815 curam
1397 1777 1604 1823 abijciam:

72 1842 143 1869 nec
155 1830 260 1867 vestri
271 1830 528 1874 admonendi,
543 1828 761 1878 modoque,
785 1842 829 1867 ac
844 1841 952 1866 more
973 1841 1064 1866 meo
1081 1832 1318 1870 adhortandi
1340 1833 1388 1869 ad
1408 1834 1604 1874 virtutem,

70 1896 350 1933 quemcunque
362 1896 405 1922 ex
420 1887 531 1922 vobis
545 1886 681 1922 madius
694 1885 818 1929 fuero,
843 1883 1095 1922 occasionem
1117 1889 1310 1924 omittam.
1370 1886 1606 1933 Huiusmodi

70 1941 309 1979 fortitudinis
322 1941 500 1988 exempla
514 1942 618 1989 apud
634 1940 877 1977 Christianos
892 1943 1117 1988 eomm,qui
1135 1954 1202 1990 pro
1219 1942 1295 1979 fide
1307 1941 1534 1992 sangvinern
1547 1939 1605 1978 ef·

71 1996 267 2037 fuderunt,
283 1996 403 2032 multa
417 2007 571 2034 extant:
594 1993 684 2034 Imo
700 1998 737 2033 ὃ(
753 1996 901 2032 tenellae
913 1996 1088 2044 virgines,
1107 2008 1148 2033 ut
1171 1997 1207 2036 S.
1229 1997 1457 2040 Camarina,
1474 1996 1604 2047 Apol-

70 2052 179 2089 lonia
192 2062 236 2088 ac
249 2051 329 2087 aliae
344 2053 569 2092 innumerae,
584 2063 666 2089 non
683 2049 811 2088 solum
825 2060 989 2087 mortem
1005 2062 1087 2088 non
1101 2053 1329 2095 timuerunt,
1346 2051 1402 2090 sed
1427 2052 1603 2090 summas

69 2107 239 2149 delicias,
251 2107 289 2142 in
304 2108 430 2154 poenis
444 2105 725 2150 crudelissimis,
740 2109 778 2145 ἅ
793 2103 1032 2144 atrocissima
1057 2117 1181 2144 morte
1213 2107 1248 2144 se
1269 2107 1489 2158 percepisse,
1511 2106 1605 2157 saepe

70 2161 327 2212 spenstantibus
350 2162 671 2200 demonstrarunt.

582 2272 772 2324 UNA
848 2271 1075 2322 FUIT.

222 2370 432 2409 Mallerum
466 2373 504 2409 &
535 2371 727 2420 virgiuum
761 2369 946 2420 Hier-ogra
955 2371 1072 2420 phicae
1085 2370 1333 2407 inventiones
1346 2397 1356 2413 ,
1382 2368 1600 2418 plerunque

70 2425 241 2462 virorum
258 2428 398 2475 ingenii
415 2427 597 2463 acumine
609 2427 647 2463 ὅ(
664 2426 853 2474 elegantia
867 2425 1068 2476 superant:
1083 2436 1125 2462 ut
1140 2426 1393 2474 praecedentes
1418 2423 1601 2472 complu-

66 2492 123 2518 res
137 2481 378 2525 examinatae,
393 2485 428 2519 ὃ(
444 2481 522 2520 haec
535 2479 648 2518 facile
661 2481 880 2518 ostendunt.
936 2483 1022 2519 Nec
1035 2480 1288 2521 mirum,cum
1301 2479 1474 2517 foeminae
1498 2480 1601 2526 inge-

66 2536 179 2572 nium
192 2535 212 2571 :i
225 2536 445 2575 durioribus
458 2535 942 2586 negotiis,eivilibuscuris,
957 2548 1001 2574 ac
1020 2536 1258 2585 gravioribus
1273 2536 1401 2581 studiis
1413 2534 1602 2575 solutum,

67 2590 490 2640 atnoribu5,ani1nique
504 2590 706 2629 affeffibus
718 2600 846 2628 totum
863 2592 1088 2640 incumbere
1100 2589 1230 2638 possit.
1265 2592 1355 2628 Haec
1366 2587 1463 2627 certe
1481 2587 1504 2625 ss
1517 2598 1603 2635 qua:

67 2645 142 2682 alia
159 2646 257 2682 mihi
270 2646 470 2695 ingeniosa
483 2647 651 2684 videtur:
674 2647 804 2694 inquit
828 2646 1066 2695 Symbolum
1101 2647 1137 2683 V
1152 2647 1185 2684 N
1202 2646 1238 2681 A
1267 2646 1339 2683 FV
1354 2647 1370 2683 1
1384 2645 1433 2688 Τ,
1459 2653 1603 2691 nempe

64 2700 226 2737 candela
242 2701 403 2744 ardens,
427 2702 465 2740 id
488 2702 539 2738 est
563 2702 697 2740 anima
713 2728 723 2744 ,
748 2702 824 2738 vita
847 2713 948 2743 una,
971 2699 1056 2738 imo
1080 2701 1303 2748 humanum
1326 2698 1604 2749 corpusculum

68 2766 192 2791 unum
218 2757 370 2799 ardens,
386 2758 518 2795 vivens
532 2768 668 2793 amore
690 2758 812 2804 optati
836 2755 973 2804 sponsi:
1006 2757 1110 2806 Quid
1125 2756 1231 2804 enim
1246 2756 1351 2792 aliud
1373 2765 1513 2802 corpus
1527 2753 1602 2791 vit·

65 2811 164 2858 ginis
177 2812 482 2855 amoreardcns,
505 2811 626 2859 quam
646 2811 808 2849 candela
830 2811 982 2848 ardens?
1007 2811 1190 2849 Caudclae
1212 2811 1411 2859 vita‚ignis
1434 2812 1470 2847 ὅ(
1487 2808 1603 2845 ardor

65 2863 129 2901 est.
187 2867 360 2917 Virginis
381 2868 548 2905 amantis
569 2867 660 2910 vita,
680 2878 793 2903 amor
814 2865 940 2916 sponsi
953 2876 1020 2904 aut
1045 2863 1320 2916 sponsusipse3
1345 2876 1473 2914 neque
1494 2864 1602 2953 entim

1517 2930 1530 2953 ι
1563 2926 1599 2953 ie
