1980 3369
552 324 784 377 HAuD
864 327 1175 375 ALITER.
1517 263 1610 320 '89'

237 419 341 456 Inter
353 417 529 467 augustas
546 418 698 454 arbores
715 419 844 455 Palma
868 420 1054 462 censetur,
1070 418 1177 467 quod
1203 430 1245 456 ea
1258 419 1434 462 victores,
1450 420 1486 456 ὅ(
1504 420 1542 456 in
1557 430 1615 455 ur-

85 471 172 508 bem
186 473 437 520 ingredientes
453 473 704 520 Imperatores
718 475 1017 522 triumphantes,
1033 477 1071 511 in
1085 474 1413 523 fignutnvi&01·iae
1426 485 1614 511 ornaren-

85 535 208 568 tur,ac
219 536 514 564 coronarentur.
568 527 775 564 Distinffio
787 530 883 565 inter
899 531 1048 577 palmas
1062 529 1170 565 sexus
1183 529 1245 571 est,
1257 541 1299 565 ac
1314 529 1614 577 femellae,appe-

84 583 176 625 titus
192 583 430 620 masculitam
443 582 667 625 vehemens,
682 592 723 619 ut
738 581 761 618 fi
775 595 857 620 non
871 585 1005 632 procul
1017 582 1122 626 absit,
1138 585 1183 620 ad
1198 584 1307 620 illum
1323 596 1454 620 ramos
1467 586 1503 620 ὅ(
1517 583 1615 620 folia

85 637 260 681 inclinet,
283 636 410 685 soloc'1;
426 637 556 675 affiatu
571 639 608 674 ὅ(
622 637 827 680 odore-‚aut
841 640 993 688 pulvere
1007 639 1199 675 foliorum
1213 641 1292 682 ejus
1304 637 1612 686 aspersaffirufius

84 691 214 728 faciat.
244 693 334 729 Sola
359 693 528 741 plantata
545 692 675 729 sterilis
691 703 837 732 manet.
873 695 961 730 Hoc
984 695 1100 730 etiam
1125 694 1316 741 peculiare
1334 693 1451 730 habet
1469 694 1614 741 palma,

85 756 124 782 ut
149 746 343 794 phoenicis
366 749 445 785 avis
467 747 593 790 instar,
608 747 702 783 dum
718 746 824 785 senio
845 742 1003 786 autalio
1023 747 1108 785 casu
1131 750 1335 792 interierit,
1359 751 1496 784 iterum
1518 747 1539 784 ὲ
1564 746 1615 784 se-

83 799 160 849 ipsa
183 802 416 844 renascatur,
449 814 494 839 ac
519 803 811 850 perpetuitatem
840 804 1031 854 obtineat.
1090 803 1241 839 Deinde
1270 814 1312 840 ut
1342 802 1501 844 fruetus,
1526 813 1614 839 non

83 857 180 893 circa
203 857 355 894 medios
375 869 505 894 ramos
520 884 529 899 ‚
557 857 616 893 sed
641 858 680 893 in
702 855 920 895 summitate
945 858 1155 906 producat,
1182 869 1227 894 ac
1247 869 1295 895 eo
1318 858 1407 900 loci,
1420 859 1487 894 ubi
1509 856 1530 893 ὰ
1546 857 1615 893 So-

84 911 119 947 le
142 911 282 956 foveti,
311 924 355 949 ac
377 912 540 949 calefieri
565 910 691 959 possit.
746 913 852 949 Nam
870 913 964 950 dum
992 913 1091 950 Solis
1113 912 1266 961 aspe&u
1292 914 1329 949 ὃ(
1350 913 1463 958 radijs
1488 914 1613 959 priva-

82 975 157 1009 tur,
182 968 310 1004 nullos
331 969 407 1004 edit
430 967 586 1004 fruetus.
623 967 711 1003 Huc
735 967 912 1016 respicere
935 968 1062 1016 Mysta
1087 969 1244 1010 videtur,
1260 967 1418 1003 dnmait
1443 967 1614 1015 Symbo-

83 1022 145 1058 lo:
172 1022 205 1058 se
246 1024 280 1060 H
308 1022 344 1059 A
372 1023 409 1059 V
431 1023 466 1057 D
523 1022 560 1057 A
586 1022 619 1057 L
645 1021 715 1058 1T
740 1022 768 1058 E
795 1023 833 1059 R
881 1023 1029 1060 fruetus
1058 1022 1206 1060 facere:
1238 1022 1329 1059 Sole
1351 1023 1457 1059 enim
1480 1021 1615 1059 Deum

86 1077 176 1125 Opr.
198 1078 308 1116 Max.
335 1077 494 1126 intelligi
518 1075 622 1119 vult,
651 1076 698 1112 ad
732 1088 849 1124 quem
882 1088 1079 1122 mentem,
1111 1090 1154 1114 ae
1177 1089 1315 1114 omnes
1347 1078 1470 1114 animi
1490 1078 1612 1120 vires,

83 1142 125 1167 ut
146 1133 226 1175 ejus
253 1144 329 1180 ope
349 1135 388 1170 &
422 1132 574 1169 auxilio
601 1131 748 1179 aliquid
777 1133 874 1169 boni
896 1133 1068 1181 proferre
1087 1131 1222 1180 possit,
1239 1133 1374 1180 dirigit:
1454 1130 1614 1177 Abstine

83 1187 188 1223 enim
211 1188 313 1224 illius
343 1187 477 1230 radiis,
502 1197 546 1223 ac
568 1187 764 1224 benevolo
795 1186 971 1236 aspestu,
1005 1189 1066 1224 vix
1090 1187 1237 1235 aliquid
1265 1185 1492 1236 frugiferum
1516 1186 1616 1223 effici

85 1241 219 1290 potest,
235 1243 325 1280 cum
348 1243 412 1279 ille
434 1242 563 1279 omnis
577 1241 674 1279 boni
696 1252 831 1289 parens
844 1242 907 1283 fit,
927 1255 972 1280 ae
993 1241 1283 1279 nostraindoles
1308 1243 1521 1290 primorum
1546 1253 1613 1289 pa-

82 1307 235 1334 rentum
259 1299 370 1345 culpa
388 1300 435 1334 ita
452 1298 595 1335 vitiata,
619 1297 776 1333 utillius
795 1299 913 1346 gratia
936 1298 1124 1340 destituta,
1139 1297 1271 1334 nullos
1296 1298 1405 1333 utiles
1427 1299 1614 1334 virtutum

83 1351 462 1401 frustusgignere‚&
486 1352 697 1400 producere
723 1351 849 1401 possit.
907 1352 1153 1402 Propositum
1174 1354 1307 1401 itaque
1329 1353 1444 1399 hujus
1468 1352 1612 1390 Princi-

84 1409 141 1457 pis
166 1406 460 1452 sanctissimum,
476 1418 521 1445 ae
534 1405 619 1446 vete
633 1408 985 1458 Hierographicum
1008 1408 1070 1445 est.
1220 1396 1229 1426 ¹

414 1519 537 1570 SIC
602 1519 806 1570 DIVA
864 1519 1026 1570 LUX
1084 1519 1295 1571 MIHI.

233 1610 412 1661 Princeps
424 1613 519 1651 dum
533 1614 683 1659 juvenis
696 1614 733 1651 in
747 1614 835 1651 aula
850 1613 987 1652 Caroli
1004 1614 1144 1664 Qinti
1157 1611 1405 1660 Imperatoris
1428 1609 1610 1664 educare-

80 1677 155 1710 tur,
172 1665 374 1715 animic'xue
387 1670 423 1705 ὃ(
436 1671 607 1717 corporis
620 1669 738 1706 donis
750 1669 960 1712 excelleret,
978 1668 1169 1717 armisq'ue
1182 1671 1218 1705 &
1234 1668 1347 1704 literis
1365 1676 1526 1714 operam
1539 1666 1607 1700 da·

81 1722 263 1767 ren-hanc
277 1723 603 1774 Hierographiam
621 1725 781 1767 invenit,
798 1725 925 1771 inqua
946 1723 1133 1773 spestatur
1156 1724 1279 1760 Lotus
1305 1721 1419 1759 herba
1443 1720 1584 1757 florens
1599 1745 1610 1761 ,

82 1775 279 1826 fluminic'p
303 1778 499 1822 Innatam,
524 1791 568 1816 ac
592 1780 638 1816 ad
654 1779 788 1832 ¹Solem
805 1777 839 1815 se
859 1791 1014 1829 gyrans.
1071 1777 1234 1816 Herba&
1258 1774 1548 1824 Theophrasto,
1564 1784 1609 1809 ac

79 1834 210 1872 Plinio
222 1831 455 1876 describitur,
470 1832 736 1882 Eupltratit'iue
749 1834 869 1871 fluvio
883 1833 1028 1871 innasci
1041 1834 1189 1877 dicitur,
1205 1834 1323 1881 idc'1uc
1339 1831 1476 1880 proprij
1493 1830 1610 1866 habe*

80 1901 134 1932 re,
148 1897 188 1925 ut
204 1888 296 1924 cum
311 1888 379 1925 Sol
391 1891 523 1932 oritur,
537 1901 581 1926 ac
602 1888 913 1938 Hemispherium
935 1889 1114 1931 ascendit,
1131 1888 1319 1936 paulatim
1340 1898 1385 1923 ex
1400 1887 1511 1933 aquis
1525 1896 1607 1931 pro-

79 1953 248 1992 rumpat,
264 1941 379 1991 seque
392 1945 440 1981 ita
454 1944 587 1986 elevet,
601 1954 644 1981 ut
666 1943 756 1981 cum
774 1945 840 1981 Sol
860 1945 1115 1981 meridianam
1127 1944 1289 1991 attigerit
1305 1943 1448 1979 lineam
1461 1969 1471 1983 ‚
1486 1939 1610 1976 etee'ta

80 1998 147 2037 stet
159 2026 170 2041 ,
192 2000 327 2047 apertis
360 1998 523 2037 floribus
537 2027 546 2042 ,
571 1997 789 2048 iterumc'lue
805 1999 986 2037 occasum
1001 2009 1151 2048 petente
1169 1998 1275 2039 Sole,
1294 1996 1494 2044 sequendo
1511 2006 1608 2043 pau-

84 2054 195 2092 latim
209 2054 380 2092 occidam
401 2055 530 2092 donec
543 2055 625 2103 post
643 2055 742 2092 Solis
768 2055 949 2092 occasum
965 2082 975 2097 ,
990 2056 1038 2092 ita
1062 2054 1098 2092 se
1111 2054 1223 2103 aquis
1246 2050 1320 2089 alre
1333 2053 1552 2099 immergat,
1568 2058 1610 2086 ut

80 2109 248 2158 amplius
275 2121 323 2146 ne
335 2111 516 2146 manibus
540 2111 697 2157 quidem
711 2110 993 2158 comprehendi
1008 2109 1136 2158 possit.
1191 2108 1257 2144 Ab
1276 2108 1507 2155 admiranda
1533 2104 1607 2142 hu·
1654 2103 1663 2113 ⁶

79 2167 139 2212 jus
152 2164 275 2201 herbae
287 2163 442 2202 historia
459 2165 585 2213 Mysta
601 2165 923 2214 Hierographiam
940 2164 1165 2213 desumpsit,
1177 2162 1449 2211 qua00stendit:
1471 2173 1609 2209 quem-

79 2219 301 2257 admodum
323 2219 447 2257 Lotus
469 2220 587 2257 herba
612 2220 748 2257 Solem
776 2218 961 2269 perpetuo
987 2219 1177 2268 sequitur,
1203 2221 1241 2256 &
1265 2218 1407 2266 absque
1429 2215 1609 2265 ipsiusm-

79 2275 173 2320 diis,
200 2287 328 2324 neque
350 2274 385 2312 se
410 2276 570 2324 erigere,
595 2286 722 2323 neque
748 2276 885 2312 florere
918 2275 1065 2323 porest3
1087 2274 1149 2311 sed
1171 2275 1283 2321 aquis
1317 2271 1496 2310 immersa
1522 2272 1608 2307 lan-

78 2341 187 2380 gvet,
212 2342 256 2367 ac
279 2339 321 2367 ut
338 2340 494 2367 mortua
520 2331 662 2369 latitat;
688 2333 740 2368 ita
763 2342 835 2368 nec
857 2332 892 2367 se
913 2332 1037 2369 vivere
1056 2329 1202 2377 absque
1222 2328 1371 2366 amafiae
1393 2326 1607 2374 conspecta

79 2383 359 2435 poffe,illoc'1uc
372 2387 552 2433 privatus,
566 2386 788 2435 lachrymis,
804 2384 989 2434 variisque
1002 2386 1125 2424 animi
1138 2385 1396 2422 anxietatibus
1414 2392 1609 2427 tanquam

79 2441 197 2478 undis
218 2441 428 2478 fluentibus
439 2442 569 2484 obrui,-
580 2439 739 2489 vitamt‘qz
753 2441 967 2478 infoelicem
980 2453 1023 2478 ac
1036 2441 1153 2477 motti
1174 2440 1333 2476 similem
1348 2437 1609 2487 agere‚donec

79 2496 117 2532 D
134 2496 199 2533 IV
214 2496 250 2533 A
283 2496 316 2532 L
331 2496 412 2534 VX
441 2497 575 2532 iterum
601 2494 797 2545 affulgeat.
854 2496 979 2533 Potest
1008 2497 1124 2533 etiam
1153 2493 1401 2544 Theologice
1423 2494 1607 2539 interpre-

78 2552 150 2587 tari
175 2551 453 2600 Hierographia
469 2579 478 2595 ‚
502 2561 673 2587 mentem
696 2551 873 2588 videlicet
892 2553 930 2588 δ(
952 2552 1133 2588 animum
1165 2551 1340 2588 hominis
1361 2550 1484 2598 gratia
1508 2549 1605 2586 divi·

79 2618 130 2643 na
152 2604 360 2656 affulgente
380 2606 527 2650 florere,
550 2616 595 2643 ac
614 2606 837 2644 mundanas
853 2618 993 2643 omnes
1012 2606 1251 2654 tempestates
1269 2604 1454 2654 superate.

260 2717 712 2768 IMMERGAR
772 2716 928 2766 AUT
987 2716 1418 2768 EMERGAM.

230 2815 463 2863 Praecipitem
487 2818 520 2856 se
545 2818 671 2856 nudus
694 2819 822 2856 homo
844 2819 932 2862 dat,
957 2831 1003 2857 ex
1027 2818 1189 2866 scopulo
1213 2818 1253 2855 in
1275 2818 1482 2854 Oceanum
1499 2844 1508 2858 ‚
1532 2817 1605 2854 ait:

81 2868 460 2911 IMMERGAR
497 2873 632 2912 AVT
669 2873 1022 2915 EMERGAM.
1082 2873 1255 2911 Similem
1275 2873 1402 2911 aleam
1429 2871 1604 2963 seilffslylta

1497 2937 1604 2964 unire
