1980 3369
48 288 206 325 vminos
225 285 383 337 Ligures
404 282 583 324 adversus
614 285 797 323 'externos
822 281 952 323 hostes
963 278 1184 331 defendere,
1199 286 1254 326 'ae
1268 286 1422 326 securos
1447 234 1608 328 recfiezle

50 341 216 393 possunt:
273 343 330 379 Eo
344 342 450 378 enim
471 342 564 379 loco
577 338 643 378 fita
657 341 720 384 est,
732 351 774 379 ut
785 341 853 391 ipsi
865 339 1047 379 Thusciae
1064 345 1352 396 propugnaculi
1372 344 1531 393 vicent,
1556 344 1607 384 aG

50 388 279 437 invadentes
292 395 507 435 Thusciam
519 395 541 434 ὲ
553 398 664 447 tergo
676 395 731 435 sit.

559 477 1055 581 suPEKABQ

201 615 256 652 Vt
275 615 433 653 adamas
454 614 685 653 fortitudine
698 643 708 660 ‚
728 615 912 664 patientia
926 642 937 658 ,
955 616 994 652 ὅ(
1009 616 1155 659 valore,
1170 615 1342 664 reliquas
1353 618 1602 667 gemmassu-

50 679 167 721 petat:
175 671 225 708 ira
238 673 354 707 etiam
367 669 537 708 Cosmus
552 670 617 708 iste
630 682 799 721 magnus
815 670 996 720 Hetrutie
1005 671 1097 712 Dux
1112 670 1324 721 significare
1337 675 1604 718 voluitan'bus

49 726 207 764 annulis
221 726 495 764 adamantibus
517 728 685 771 ornaris,
707 725 744 763 se
769 737 932 774 operam
945 726 1049 770 dare,
1064 737 1106 764 ut
1127 727 1226 764 alios
1249 733 1389 767 omnes
1410 732 1602 780 principes

49 782 289 823 fortitudine,
305 783 491 830 patientia
506 793 550 818 ac
564 780 794 825 valore,hoc
807 782 870 825 est,
880 783 1031 826 virtute,
1049 781 1166 830 possit
1179 782 1365 831 superare.
1420 786 1604 835 Dignum

48 834 147 874 certe
157 847 270 874 tanto
284 838 452 886 principe
467 836 733 886 propositum:
791 837 992 874 Fortitudo
1003 848 1048 873 en
1056 839 1108 875 im
1123 839 1250 875 virum
1263 850 1454 888 magnum
1467 843 1602 890 impri-

49 894 124 930 mis
145 892 274 931 dcccv,
296 894 407 928 cuius
420 905 583 930 munera
598 895 786 942 praecipua
810 891 911 935 sunt,
933 894 1071 930 mortis
1091 890 1321 942 dolotiidue
1343 898 1603 945 contemptio:

50 947 252 985 Robustus
277 949 383 984 enim
405 950 583 992 animus,
606 946 825 985 &excelsus
846 947 1025 985 omniest
1046 948 1137 990 liber
1159 961 1262 992 cura,
1285 950 1322 986 &
1337 961 1496 1000 angore,
1509 962 1604 990 cum

50 1006 271 1041 &mortem
291 1005 513 1040 contemnit
527 1031 536 1046 ,
553 1005 589 1040 ὅ(
617 1004 664 1040 ad
676 1003 835 1040 dolores
857 1005 1078 1052 imparatus
1093 1004 1157 1047 est,
1172 1014 1214 1041 ut
1235 1006 1454 1042 meminerit
1476 1007 1604 1043 maxi·

49 1059 278 1096 mosluetus
298 1069 426 1095 morte
458 1057 583 1096 finiris
606 1070 744 1107 parvos
772 1060 894 1096 multa
919 1059 1273 1097 habereintervalla
1290 1071 1300 1098 ε
1316 1062 1495 1107 requietis
1518 1073 1605 1107 me·¹

48 1115 192 1151 diocris
225 1126 299 1151 nos
322 1113 395 1151 effe
415 1114 624 1151 dominos:
655 1124 696 1151 ut
719 1112 744 1150 fi
768 1114 1004 1151 tollerabiles
1021 1114 1113 1158 sint,
1148 1114 1343 1152 feramus:
1375 1115 1602 1160 finininus,

49 1181 163 1217 aequo
188 1171 325 1207 animo
347 1166 368 1206 ὲ
391 1170 490 1213 vita,
513 1180 605 1206 curn
635 1180 679 1207 ea
696 1181 778 1206 non
794 1170 973 1218 placeant
989 1197 998 1211 ‚
1023 1179 1215 1218 tanquam
1240 1182 1285 1207 ex
1308 1171 1462 1209 theatro
1486 1183 1602 1209 exea-

50 1237 150 1263 mus.
209 1226 395 1262 Patientia
422 1223 642 1262 fortitudini
672 1223 752 1261 tam
766 1224 1056 1273 similis‚qu?1m
1078 1225 1239 1263 adamas
1263 1226 1476 1263 adamanti:
1534 1228 1604 1264 Vi-

49 1293 95 1317 ιο
116 1281 222 1317 enim
247 1280 338 1317 forti
359 1278 511 1318 adversa
526 1281 713 1329 patienter
722 1280 833 1324 ferre,
847 1280 938 1317 utile
950 1281 1013 1318 est.
1070 1279 1248 1327 Cujusvis
1263 1282 1370 1318 enim
1381 1282 1531 1319 doloris
1547 1294 1604 1320 re·

49 1336 224 1373 medium
247 1336 298 1373 est
322 1337 524 1385 patientia:
559 1335 658 1373 feras
688 1348 771 1373 non
791 1336 943 1385 culpes,
970 1336 1077 1383 quod
1109 1337 1218 1373 vitati
1241 1348 1324 1373 non
1347 1337 1479 1385 potest.
1521 1339 1603 1375 Va·

50 1392 121 1432 lor,
137 1389 200 1427 seu
214 1390 457 1429 'existimatio
480 1392 533 1428 ob
552 1392 709 1428 virtutes
723 1419 733 1435 ,
748 1389 953 1440 animic'lue
972 1392 1082 1428 dotes
1106 1392 1211 1439 sequi
1230 1391 1435 1434 hominem
1463 1391 1573 1431 solet.

48 1447 101 1484 Ea
125 1446 312 1494 liquidem
336 1456 470 1484 natura
492 1446 544 1483 est
572 1448 740 1490 virtutis,
775 1457 817 1483 ut
850 1449 1028 1495 quemvis
1053 1447 1094 1484 in
1116 1445 1171 1483 sui
1202 1448 1506 1490 admirationem
1528 1458 1603 1487 tra·

48 1501 276 1551 hat,m;1gni
299 1501 378 1545 fiat,
393 1504 432 1539 ὃ(
456 1502 620 1539 colatur.
686 1500 808 1547 Porro
832 1503 971 1539 annuli
1000 1502 1275 1546 adamantibus
1304 1505 1434 1541 orntti
1457 1502 1492 1541 se
1512 1516 1602 1541 mu-

30 1555 120 1594 ’ωὸ
149 1557 485 1606 complectuntur,
511 1569 556 1594 ac
580 1559 738 1602 virtutes
764 1557 833 1594 has
867 1559 921 1595 ita
951 1558 1104 1604 junCtas
1130 1558 1331 1602 indic-ant,
1374 1569 1416 1596 ut
1440 1558 1605 1608 separari

47 1625 130 1651 non
156 1612 314 1661 possint.
389 1612 626 1651 Adamantis
640 1611 732 1650 vero
747 1614 950 1657 fortitudo,
965 1625 1042 1661 qua
1055 1625 1194 1650 omnes
1206 1614 1350 1662 lapides
1364 1615 1403 1651 ὃ(
1425 1626 1603 1663 gemmas

46 1679 163 1706 terere
186 1668 329 1717 potest,
363 1679 408 1712 ac
430 1670 616 1718 patientia
638 1679 730 1716 qua,
762 1670 842 1719 igni
874 1680 919 1707 ac
946 1668 1050 1706 ferro
1078 1667 1231 1712 resistit,
1247 1668 1506 1719 dignitastffiue,
1521 1682 1603 1718 qua

45 1725 214 1772 reliquas
238 1735 415 1773 gemmas
438 1724 571 1761 valore
593 1726 630 1761 ὃς
652 1724 906 1762 aestimatione
928 1723 1098 1773 superat,
1123 1725 1244 1761 cuivis
1277 1735 1372 1763 nota
1393 1726 1466 1766 est3
1489 1726 1546 1763 lta
1561 1735 1603 1763 ut

46 1778 149 1818 reste
169 1779 329 1818 obscura
351 1779 431 1818 haec
455 1780 738 1830 Hierographia
762 1779 841 1818 hoc
862 1781 988 1818 modo
1010 1779 1195 1830 explicari
1214 1779 1350 1830 possit.

416 1890 816 1944 FESTINA
894 1892 1227 1949 LEher

201 1985 288 2023 Iam
310 1984 518 2033 aliquoties
542 1985 777 2036 Symbolum
812 1984 909 2022 istud
942 1984 1226 2033 quotidianum,
1253 1982 1455 2032 repetitur:
1508 1980 1535 2018 12
1555 1978 1603 2017 Ε-

50 2040 73 2077 S
95 2040 131 2076 T
153 2041 169 2077 1
193 2042 231 2078 N
254 2040 293 2077 A
351 2041 385 2077 L
409 2042 435 2077 E
458 2042 495 2077 N
518 2042 553 2077 T
577 2042 629 2084 E,
678 2040 811 2079 verum
829 2041 903 2077 alia
927 2039 1144 2090 sculptura3
1170 2039 1234 2076 hic
1259 2041 1367 2076 enim
1393 2034 1604 2086 delphinus

48 2099 146 2133 circa
169 2096 410 2139 anchoram,
436 2098 472 2133 ὅ(
497 2108 651 2133 remum
673 2108 823 2145 repens,
853 2105 921 2133 aut
945 2106 1085 2133 natans
1105 2095 1282 2133 cernitur.
1356 2092 1603 2142 Delphinus,

48 2152 180 2189 Plinio
198 2150 619 2193 teste‚,velocissimum
640 2153 824 2188 omnium
846 2152 1081 2188 animalium
1097 2178 1108 2194 ,
1133 2161 1255 2200 ocyor
1276 2148 1449 2191 volucre,
1463 2158 1603 2197 ocyor,

47 2208 141 2250 telo,
166 2219 211 2244 ac
236 2205 304 2244 nisi
327 2207 500 2243 multum
522 2206 624 2244 infra
651 2207 817 2244 rostrum
838 2219 882 2243 os
904 2207 960 2243 illi
982 2207 1085 2244 foret
1109 2206 1243 2242 medio
1266 2202 1364 2254 pene
1382 2205 1423 2240 in
1449 2213 1604 2246 ventre,

48 2262 180 2301 nullus
203 2261 365 2311 piscium
402 2263 637 2301 celeritatem
664 2266 746 2307 eins
776 2262 961 2307 evaderet.
1037 2261 1305 2298 Festinationis
1324 2262 1455 2307 itaque
1485 2258 1602 2295 index

48 2318 281 2367 delphinus,
305 2314 478 2365 eumque
500 2315 603 2354 lente
633 2317 814 2355 festinare
833 2345 843 2361 ‚
868 2318 985 2354 docet
1011 2319 1110 2355 circa
1141 2315 1359 2353 anchoram
1382 2314 1606 2358 revolutio,

48 2386 134 2423 quae
165 2373 398 2410 celeritatem
413 2373 558 2410 lentam
580 2372 685 2416 facit,
711 2375 748 2410 ὃς
774 2384 914 2417 remus,
930 2374 999 2421 qui
1018 2381 1306 2415 remoram,aut
1328 2369 1354 2408 fi
1378 2371 1501 2407 mavis
1515 2380 1604 2405 mo·

47 2441 130 2467 ram
151 2429 309 2466 indicat.
353 2428 540 2465 Diximus
562 2438 675 2466 antea
699 2429 904 2477 prudentes
927 2440 996 2465 eos
1015 2425 1084 2465 effe
1104 2428 1291 2476 principes
1305 2453 1315 2469 ‚
1336 2427 1404 2474 qui
1423 2424 1605 2462 festinan-

47 2495 102 2522 ter
124 2486 161 2522 &
192 2481 294 2521 lente
326 2485 488 2533 negocia
514 2495 659 2533 magna
690 2493 837 2533 gerunt.
906 2483 995 2520 Hoc
1018 2483 1081 2526 est,
1107 2484 1175 2529 qui
1197 2482 1509 2518 mediocritatem
1531 2479 1604 2517 ser·

48 2551 164 2578 vant:
194 2539 346 2576 oblatas
360 2538 585 2576 occasiones
599 2551 684 2576 non
701 2539 916 2588 negligunt,
931 2551 976 2576 ac
987 2538 1085 2575 nihil
1096 2536 1174 2574 fine
1185 2536 1352 2574 consilio
1374 2535 1605 2585 aggrediun-

47 2607 123 2634 tur.
178 2596 286 2632 Nam
309 2595 348 2631 in
364 2595 476 2631 rebus
492 2596 645 2643 magnis
660 2592 932 2643 memoriac'luc
942 2595 1088 2644 dignis,
1102 2591 1266 2630 confilia
1286 2590 1483 2642 primum,
1498 2590 1606 2628 dein·

47 2650 96 2689 de
107 2650 206 2694 aaa,
220 2648 350 2699 postea
374 2660 536 2687 eventus
549 2649 779 2699 spectantur.

409 2760 839 2812 HETRURIA
916 2756 1254 2810 PACATA;

202 2856 310 2910 Qid
333 2858 536 2908 praestitcrit
560 2867 730 2906 magnus
756 2855 848 2892 Dux
876 2853 1048 2892 Cosmus
1095 2856 1133 2893 H
1145 2856 1174 2892 E
1187 2856 1222 2893 T
1237 2856 1276 2893 R
1289 2854 1327 2894 V
1343 2855 1381 2892 R
1395 2853 1412 2891 ἶ
1428 2850 1609 2944 &AI-'rix
