1980 3369
318 246 396 289 π’
611 309 904 361 BRssvis
981 308 1182 360 VITA
1265 308 1585 361 MAGN‘Ae

905 404 1298 440 NIMORUM.

473 494 775 533 Maximilianus
802 495 944 533 Sfortia
977 494 1199 532 Mediolani
1226 493 1334 538 Dux,
1350 494 1425 534 hae
1445 494 1733 545 HierographIa
1764 494 1798 534 se
1817 496 1868 534 ad

318 564 375 590 res
399 563 565 601 magnas
586 551 774 600 gerendas
812 552 998 588 animum
1030 551 1192 599 quidem
1225 548 1370 587 habere
1403 551 1679 590 demonstran
1714 551 1867 589 Verum

320 610 357 645 se
379 608 505 644 animi
525 605 756 644 desiderium
781 606 937 655 explere
963 618 1047 643 non
1079 605 1183 655 poss‘e
1214 616 1369 655 propter
1392 608 1480 643 vitae
1514 607 1761 644 brevitatem:
1798 607 1868 645 Ait

318 664 437 701 enim:
469 663 827 712 magnanimorum
850 663 971 700 vitam
1008 662 1187 704 brevem,
1214 673 1260 699 ac
1290 662 1555 712 Hietoglypto
1585 661 1754 699 ostendit
1784 663 1869 700 for·

316 720 477 761 micam,
502 729 586 755 rem
609 729 815 767 magnam,
841 728 986 766 nempe
1015 718 1165 754 coelum
1189 727 1325 766 petere.
1391 717 1706 767 Magnanimum
1739 715 1869 755 hercle

318 773 626 816 animalculum,
653 771 764 821 quod
787 785 859 822 pro
884 775 1061 822 corporis
1085 773 1361 822 magnitudine
1393 775 1564 819 majores
1600 775 1697 811 vires
1722 773 1870 819 habet,

316 841 441 877 quam
459 829 630 877 quodvis
656 829 764 866 aliud
785 828 959 871 animal,
988 826 1180 877 cuiusque
1205 829 1325 872 vires,
1355 829 1506 865 excedit
1529 829 1711 873 animus,
1726 841 1811 877 quo
1828 833 1868 865 e‘-

315 884 445 923 tiamsi
466 885 697 923 brevissimae
728 884 770 921 fit
800 886 897 928 vitae,
923 884 1047 921 multa
1071 893 1260 921 conatur:
1293 885 1605 933 Rempublicam
1629 886 1739 922 enim
1763 884 1870 922 insti·

322 942 646 991 tuit2diligentia,
672 952 762 977 cura
786 952 831 978 ac
845 940 991 984 labore,
1007 940 1105 977 dum
1119 939 1322 977 domicilia
1338 939 1528 977 &horrea
1542 941 1709 985 extruit,
1731 950 1869 978 tantos

316 998 517 1034 interdum
538 1007 643 1034 terrae
666 1007 828 1033 acervos
852 997 965 1042 eijcit‚
989 1005 1032 1032 ut
1054 997 1117 1033 vix
1142 997 1230 1044 quis
1255 994 1407 1032 credere
1431 994 1564 1045 possit,
1579 995 1601 1033 a
1620 1006 1704 1033 tam
1723 997 1871 1047 exiguo

316 1052 564 1090 animalculo
590 1051 750 1088 assiduis
785 1051 989 1089 laboribus
1014 1061 1174 1088 tantum
1208 1063 1392 1088 acervum
1427 1053 1588 1101 congeri
1622 1049 1740 1100 poffe.
1814 1051 1870 1089 Vt

315 1109 451 1155 itaque
491 1109 594 1145 tanti
638 1108 762 1145 animi
787 1107 1052 1148 ,animalculo
1096 1108 1257 1144 animus
1289 1107 1341 1143 est
1370 1106 1418 1144 ad
1449 1107 1601 1145 coelum
1634 1118 1787 1156 repere,
1824 1117 1871 1144 ac

315 1162 544 1212 priusquam
576 1160 860 1212 copervenire
895 1162 1038 1213 possit,
1071 1163 1150 1200 vita
1196 1161 1391 1201 deficiat3
1422 1163 1475 1200 ita
1507 1162 1730 1200 dolendum
1763 1163 1870 1199 mul-

315 1228 378 1256 tos
403 1221 581 1269 egregios
606 1220 722 1262 viros,
738 1220 808 1266 qui
841 1231 989 1268 magna
1022 1219 1164 1255 animo
1199 1219 1456 1267 concipiunt,
1485 1228 1528 1257 ut
1550 1217 1735 1256 humano
1755 1229 1869 1268 gene-

315 1276 348 1313 ti
373 1273 546 1324 prosint,
572 1272 592 1311 ὲ
615 1276 693 1312 vita
716 1275 824 1319 tolli,
856 1273 1083 1324 priusqtiam
1106 1275 1232 1312 animi
1254 1284 1447 1323 concepta
1467 1274 1516 1311 ad
1541 1284 1726 1323 optatum
1747 1272 1869 1311 finem

315 1331 522 1382 perducere
545 1329 713 1380 possint·

570 1416 849 1469 SALUS
926 1417 1037 1467 ET
1116 1417 1616 1467 VICTORIA

928 1512 1260 1547 NOSTRA.

487 1602 800 1653 conspiciuntur
820 1600 888 1641 hic
909 1602 1004 1640 oleae
1034 1602 1118 1640 duo
1143 1603 1243 1640 rami
1287 1601 1503 1640 diademati
1540 1601 1685 1640 inserti.
1761 1602 1872 1641 Olea:

324 1659 427 1697 rami
450 1671 603 1708 pacem,
628 1660 812 1698 diadema
834 1670 1001 1709 regnum
1021 1658 1082 1696 vel
1113 1658 1422 1707 rempublicam,
1445 1658 1685 1709 Symbolum
1717 1660 1871 1707 reliqua

314 1716 521 1764 exprimit:
579 1715 652 1753 Ait
674 1717 805 1753 enim:
855 1715 878 1751 S
899 1715 937 1752 A
960 1714 1043 1752 LV
1067 1714 1091 1751 S
1146 1715 1174 1751 E
1200 1714 1236 1750 T
1293 1714 1333 1751 V
1356 1714 1372 1750 Ι
1394 1713 1428 1749 C
1451 1715 1486 1751 T
1513 1714 1551 1751 O
1576 1714 1700 1752 RIA
1757 1715 1870 1752 NO·

315 1771 340 1808 S
355 1770 493 1808 TRA
509 1799 520 1815 ,
560 1772 735 1821 intellige
756 1783 832 1820 pax
856 1770 909 1808 est
931 1771 973 1807 in
996 1781 1119 1820 regno
1141 1770 1204 1807 vel
1242 1769 1453 1819 republica.
1511 1770 1617 1821 Qia
1642 1781 1765 1807 omne
1788 1769 1869 1806 bel-

314 1827 402 1864 lum
425 1828 568 1876 quietis
595 1825 783 1877 paciidue
814 1826 1086 1875 recuperandae
1116 1824 1230 1863 causa
1258 1826 1326 1869 fit,
1349 1837 1434 1873 quae
1459 1823 1550 1861 finis
1574 1827 1612 1863 ὅ(
1636 1824 1775 1875 scopus
1787 1825 1870 1863 bel-

315 1882 344 1919 li
369 1881 442 1920 effe
460 1883 598 1926 debet,
624 1895 697 1920 nee
721 1895 807 1919 non
829 1884 949 1920 etiam
971 1882 1154 1921 vie'coriae.
1214 1882 1323 1920 Nam
1345 1881 1509 1918 vietoria
1536 1882 1699 1919 obtenta
1726 1893 1801 1930 pax
1815 1892 1871 1918 re-

315 1938 495 1983 stituitur,
512 1937 690 1987 salusque
710 1937 941 1988 reipublicae.
1003 1937 1109 1975 Hinc
1131 1935 1232 1974 reste
1255 1938 1419 1975 Cicero:
1448 1935 1596 1986 Dulce
1621 1937 1691 1985 ef}
1719 1953 1872 1985 nomen

307 2008 446 2071 pacis,
483 2024 556 2055 res
585 2002 695 2056 ver&
723 2005 805 2071 tpsd
835 2016 932 2054 tum
950 2005 1146 2068 jucunda
1164 2016 1261 2054 tum
1268 2004 1488 2070 salutaris.
1564 2008 1610 2045 Et
1639 2007 1755 2047 Silius
1791 2009 1880 2049 lta*

318 2078 437 2117 licus:

971 2142 1066 2194 pax
1092 2133 1250 2195 optima
1271 2149 1436 2190 rerum,

528 2199 665 2269 Q
677 2203 836 2252 homini
857 2203 1018 2266 noviffi’
1028 2204 1177 2251 datum
1191 2202 1274 2261 efz‘,
1279 2217 1369 2268 pax
1392 2219 1476 2251 mm
1490 2204 1718 2268 triumphis

532 2273 778 2331 Innumerzls
786 2275 921 2340 potior
931 2290 954 2335 ,-
963 2286 1055 2339 pax
1075 2271 1278 2340 custodire
1285 2274 1477 2338 siclutcm

998 2346 1062 2394 Et
1072 2346 1186 2394 ciues
1206 2363 1368 2413 aequare
1373 2357 1542 2410 patens.

726 2468 902 2519 MIT
980 2467 1164 2552 DER
1243 2469 1483 2530 zssin

910 2544 1321 2652 TEffissoRfi

473 2708 568 2746 Tres
591 2709 630 2745 in
653 2707 728 2745 hac
760 2708 1049 2758 Hierographia
1075 2708 1252 2748 visuntur
1270 2719 1408 2758 rupes,
1435 2720 1481 2747 ex
1508 2709 1692 2760 singulis,
1714 2706 1873 2757 singulae

320 2764 557 2815 enascuntur
582 2763 738 2801 Palmae.
797 2765 931 2801 Media
955 2777 1070 2814 rupes
1086 2793 1096 2809 ,
1122 2775 1163 2802 ut
1181 2767 1220 2802 &
1246 2765 1380 2812 palma
1402 2768 1543 2804 caeteris
1567 2765 1787 2815 procerior,
1803 2763 1871 2800 ad-

317 2820 458 2869 junstae
469 2819 491 2857 a
506 2820 688 2857 lateribus
702 2822 1013 2868 rupes‚minores
1037 2821 1135 2858 sunt.
1195 2819 1433 2858 Germanice
1446 2822 1686 2871 Symbolum
1700 2819 1870 2857 additum

319 2876 450 2915 MIT
507 2876 644 2914 DER
691 2875 862 2921 ZEIT,
907 2876 987 2913 hoc
1005 2876 1057 2913 est
1106 2876 1285 2914 TEMP
1303 2876 1453 2921 ORE,
1483 2876 1592 2926 quasi
1614 2874 1871 2968 innpeetretggl:
