1980 3369
331 256 435 313 182,

331 323 371 359 δ(
391 325 557 373 impares
574 330 687 362 tantae
708 324 808 362 moli
830 322 1003 373 regendae
1028 321 1120 373 fint,
1145 321 1239 370 (nisi
1254 321 1532 371 &consiliat-ijs,
1549 324 1586 361 &
1610 324 1852 371 adiutoribus

329 380 535 430 juventur)
558 378 693 417 'rerum
728 378 917 432 processus
949 376 1193 426 intercipitur,
1215 377 1396 426 quiescit,
1430 381 1469 416 &
1499 379 1654 423 sistitur,
1675 378 1856 429 pacisque

330 447 520 487 tempore,
535 436 665 484 bonus
676 436 888 484 reipublicae
908 434 1023 471 status
1046 434 1234 482 paulatim
1247 433 1400 478 tabescit
1413 461 1423 478 ,
1443 446 1488 471 ac
1511 426 1765 483 extinguitur,
1779 436 1857 473 bel-

331 492 441 542 lique
468 500 647 539 tempore
673 490 897 538 occasiones
926 500 1055 526 rerum
1077 489 1176 525 bene
1195 489 1450 537 gerendarum
1471 491 1714 528 amittuntur.
1768 492 1856 527 For-

330 548 438 585 tassis
460 546 563 586 hanc
583 546 910 596 Hierographiam
941 556 990 580 eo
1011 553 1196 593 tempore,
1211 543 1301 580 curn
1323 544 1413 581 Dux
1429 545 1611 581 Albanus
1634 546 1750 594 Belgij
1766 557 1857 594 ptae-

330 604 471 646 feci'tuS,
504 613 548 639 ac
570 613 698 638 terum
720 602 960 653 Belgicarum
983 598 1097 635 status
1114 597 1449 647 periculosissimus
1462 599 1572 642 efict,
1595 601 1770 649 Princeps
1792 600 1857 637 iste

333 658 462 696 edidit
516 649 748 694 Tuncenim
772 656 834 692 hic
848 656 939 691 Dux
962 654 1117 691 nullum
1136 654 1338 702 publicum
1358 665 1504 691 munus
1525 654 1693 702 suscepit.
1749 657 1857 694 Nam

331 725 492 752 rerum<
482 713 739 761 gerendarum
762 709 1034 761 magnitudine
1055 708 1275 752 deterritus,
1297 721 1342 745 ac
1363 720 1539 746 metuens
1562 722 1612 748 ne
1633 722 1706 758 prae
1729 711 1857 748 nimio

330 764 495 819 ponderi
521 767 808 808 iuccumberet,
842 766 1030 814 privatam
1060 765 1182 801 vitam
1205 755 1398 811 sapienter
1415 766 1512 813 egit,
1549 776 1593 802 ac
1616 764 1718 802 solus
1747 768 1786 802 &
1816 777 1857 802 u-

332 835 407 862 nus
429 820 508 859 fere
532 822 628 860 sano
649 824 719 859 illo
741 807 903 859 consilio
926 832 970 856 ex
997 821 1166 867 antiquis
1190 819 1397 867 Belgarum
1420 820 1577 866 familijs
1597 819 1777 869 superstes
1801 832 1859 857 re-

332 877 495 921 mansit,
518 878 674 926 reliquis
698 878 886 914 omnibus
900 875 1008 912 bellis
1023 902 1032 917 ,
1055 887 1098 911 ac
1112 875 1193 919 aliis
1207 875 1491 911 calamitatibus
1503 876 1693 912 extinctis.
1750 876 1860 912 Dum
1885 874 1889 878 ’

331 934 632 972 bellointcstino
653 934 806 970 laborat
829 933 948 980 patria
973 930 1071 968 nihil
1096 928 1317 977 prudentius
1342 931 1483 976 quiete.
1542 932 1645 980 Qia
1658 930 1859 977 cujuscun-

333 1002 410 1038 que
433 989 616 1026 defendes
643 988 822 1031 causam,
838 987 945 1037 alteri
967 987 1151 1031 injuriam
1177 984 1301 1032 facere
1324 985 1531 1028 videberis,
1553 997 1596 1021 ac
1617 987 1658 1022 in
1679 986 1862 1035 reipubli
1899 1004 1901 1008 ·

333 1059 408 1088 cae,
430 1046 539 1090 cujus
563 1046 600 1081 ὃς
622 1054 661 1080 ιιι
684 1044 929 1084 membrum,
953 1053 1043 1077 cum
1067 1041 1155 1082 illis,
1174 1052 1275 1087 quos
1301 1052 1506 1089 oppugnas
1531 1052 1583 1084 eS,
1605 1050 1797 1088 tanquam
1820 1042 1862 1077 in

334 1101 492 1150 propria
512 1097 596 1135 rues
618 1098 774 1137 viscera
831 1099 902 1135 Vir
923 1084 1052 1132 bonus
1076 1097 1117 1131 in
1138 1092 1242 1131 bello
1263 1096 1386 1139 civili,
1414 1097 1538 1131 neutri
1561 1097 1656 1143 parti
1676 1096 1861 1138 adhaeret,

336 1155 446 1205 quod
469 1154 666 1216 utriulque
690 1153 802 1191 causa
824 1156 862 1190 ὃς
887 1153 1045 1189 bona&
1067 1152 1172 1188 mala
1194 1150 1248 1195 fit,
1272 1163 1315 1188 ac
1336 1151 1502 1200 proinde
1520 1151 1683 1188 dubiam
1706 1150 1863 1189 causam

334 1210 539 1249 defendere
564 1211 632 1268 viri
655 1210 753 1247 boni
776 1221 863 1247 non
884 1208 925 1246 sit
948 1207 1141 1247 officium

877 1318 1346 1390 ιΜιιιΟΒιιι3.ι

493 1412 595 1453 Vere
620 1413 836 1451 immobilis
857 1412 907 1455 est
929 1413 1098 1461 pyramis
1120 1411 1183 1448 scu
1205 1411 1409 1453 obeliscus,
1421 1410 1482 1448 etsi
1505 1410 1586 1457 alas
1607 1408 1806 1450 addideris,
1823 1418 1865 1446 ut

336 1474 379 1510 in
397 1470 694 1525 Hierographia.
738 1466 987 1506 Obeliscus
973 1480 994 1504 a
1018 1468 1213 1519 pyramide
1233 1479 1318 1503 non
1341 1464 1464 1503 differt
1477 1466 1614 1515 figura,
1632 1463 1868 1501 scdstruetu-

335 1540 389 1570 ra,
404 1525 513 1575 quod
537 1540 581 1563 ex
607 1537 690 1562 uno
713 1507 839 1572 lapide
861 1521 1070 1565 obeliscus,
1100 1526 1266 1571 pyramis
1290 1534 1335 1559 cx
1365 1522 1536 1570 pluribus
1559 1519 1776 1557 construfta
1808 1519 1865 1559 sit

339 1584 513 1629 Vtraque
537 1581 798 1618 constantiam
816 1577 1007 1627 defignat,
1020 1590 1141 1625 quam
1165 1579 1358 1626 Principes
1383 1577 1597 1628 plerunque
1627 1574 1868 1624 profitentur:

335 1638 449 1678 Nihil
469 1649 531 1673 cni
525 1636 800 1684 melegantius
822 1634 1009 1682 Principis
1034 1633 1273 1676 constantia,
1299 1642 1340 1669 ut
1362 1633 1460 1669 nihil
1479 1633 1626 1679 turpius
1649 1631 1812 1667 levitate

345 1693 576 1746 Constantia
598 1693 698 1728 circa
718 1702 775 1727 res
797 1690 959 1745 arduas,
984 1692 1023 1726 &
1047 1688 1220 1726 adversas
1241 1687 1427 1731 versatur,
1449 1687 1592 1735 quibus
1623 1687 1754 1733 cedere
1781 1687 1867 1723 tiro

335 1749 530 1787 constanti
564 1759 646 1783 non
682 1746 790 1788 licet,
805 1741 878 1781 ied
905 1754 1039 1782 contra
1064 1744 1155 1780 stare
1175 1746 1213 1780 <Sc
1234 1742 1560 1780 obfistere:1nde
1582 1743 1690 1778 enim
1714 1753 1867 1778 nomen
1897 1742 1899 1744 ’

337 1805 453 1842 habet
470 1802 853 1849 constantia.Q1i
879 1800 951 1837 hac
971 1801 1105 1836 virtute
1130 1800 1302 1847 praeditus
1325 1799 1398 1842 est,
1422 1798 1536 1834 nullo
1563 1797 1673 1835 malo
1698 1797 1868 1845 opprimi

339 1857 455 1908 plin&
479 1858 610 1907 potest.
661 1858 768 1894 Nam
791 1853 907 1904 pressa
942 1856 1065 1891 latitat
1089 1855 1247 1902 quidem
1277 1854 1520 1901 aliquamdiu
1545 1855 1683 1896 virtus,
1707 1861 1749 1888 ut
1768 1854 1869 1901 ignis

339 1914 408 1952 sub
431 1913 641 1951 cineribus:
664 1910 799 1949 verum
822 1922 905 1948 non
929 1911 1188 1960 extinguitur,
1212 1909 1273 1946 sed
1297 1909 1454 1945 dimotis
1483 1907 1871 1956 irnpediincntisa-re-

339 1968 521 2018 centique
542 1967 746 2005 accedente
767 1979 894 2003 rerum
924 1952 1178 2014 gerendarum
1213 1963 1440 2006 occasione,
1465 1963 1867 2005 iter-uniluculentins,

339 2035 380 2062 ut
402 2026 499 2074 ignis
518 2024 675 2060 remotis
697 2023 912 2071 cineribus,
933 2021 1118 2070 refulget,
1141 2018 1312 2069 affurgit,
1334 2021 1372 2056 ὅ(
1394 2017 1870 2057 emicat:Veru1ndiicr1

339 2093 432 2117 men
462 2080 688 2117 faciendum
718 2079 813 2114 inter
834 2051 1106 2118 constantiam,
1129 2077 1166 2112 δι’
1187 2077 1461 2123 pertinaciam:
1493 2075 1563 2111 Illa
1594 2074 1699 2109 enini
1724 2075 1867 2115 virtus,

343 2135 423 2172 haec
447 2137 582 2172 vitium
610 2134 672 2170 est.
729 2133 960 2169 Constantia
983 2133 1022 2168 in
1047 2132 1160 2167 rebus
1182 2124 1464 2173 laudabilibus,
1482 2131 1518 2177 ὃς
1538 2129 1783 2177 quaexirtutis
1800 2128 1870 2165 ali

340 2190 433 2240 quid
458 2192 675 2232 continent,
693 2189 900 2237 pertinacia
923 2188 964 2223 in
978 2187 1092 2224 rebus
1114 2187 1240 2230 malis,
1256 2196 1322 2222 aut
1346 2187 1444 2232 vitijs
1458 2194 1663 2237 exercetur.

626 2302 746 2355 SIC
806 2299 1103 2365 MuTOR
1164 2298 1269 2347 AD
1329 2296 1608 2347 ILLAM.

452 2398 464 2409 ‘
520 2396 581 2432 De
602 2407 727 2432 uxore
747 2394 922 2442 loquitur
954 2393 1045 2436 Sol,
1073 2393 1108 2429 id
1126 2392 1176 2429 est
1211 2395 1370 2431 maritus
1393 2394 1595 2440 Princeps,
1617 2393 1684 2439 qui
1709 2391 1743 2428 se
1767 2389 1868 2428 Solis

342 2452 464 2502 figura
486 2452 656 2488 denotat:
684 2446 687 2451 ’
716 2450 774 2486 Est
796 2451 902 2500 enim
925 2450 1040 2486 uxori
1058 2450 1111 2488 vir
1133 2449 1234 2497 Solis
1258 2450 1384 2493 instar,
1400 2460 1488 2484 cum
1505 2449 1551 2484 ab
1573 2448 1641 2484 illo
1655 2447 1868 2488 illustretur,

344 2511 382 2544 ὅ(
406 2516 585 2557 ornetur,
609 2516 649 2543 ut
671 2505 691 2541 ὲ
733 2504 823 2541 Sole
856 2504 1043 2557 inferiora
1076 2503 1154 2541 haec
1177 2506 1329 2544 omnia.
1387 2505 1519 2550 lnquit
1547 2513 1677 2540 autem
1701 2502 1871 2550 Symbo-

345 2563 450 2599 lum:
482 2561 581 2598 SIC
610 2561 704 2598 MV
718 2561 752 2596 T
768 2560 805 2596 O
819 2561 856 2596 R
884 2560 921 2596 A
940 2560 976 2597 D
1012 2560 1073 2596 IL
1093 2559 1124 2595 L
1140 2559 1176 2597 A
1194 2560 1249 2596 M.
1307 2559 1380 2597 Sed
1404 2570 1583 2608 quaquam
1606 2556 1733 2606 quaeso
1748 2566 1871 2593 muta-

344 2619 401 2654 tio
424 2617 554 2653 Solem
577 2614 701 2652 subit?
728 2614 818 2651 cum
843 2614 987 2664 semper
1005 2613 1244 2659 uniusmodi,
1267 2615 1403 2652 eadem
1429 2615 1524 2656 luce,
1556 2614 1689 2650 eadem
1706 2611 1873 2661 pulchri-

342 2673 489 2713 tudine,
514 2668 732 2719 eodemque
755 2680 868 2707 motu
891 2671 1093 2718 appareat?
1150 2672 1323 2707 Mutatur
1346 2667 1435 2706 sane
1459 2669 1636 2711 nonsibi,
1654 2668 1715 2705 sed
1739 2667 1868 2707 nobis,

342 2728 437 2765 duni
458 2728 569 2764 Luna
595 2728 691 2762 inter
713 2725 910 2767 nostrum,
939 2725 1093 2761 &illius
1117 2726 1548 2773 corpusinterponitur3
1571 2735 1655 2760 tum
1677 2724 1781 2759 enini
1803 2722 1871 2756 Ec-

345 2782 477 2830 cliplin
501 2783 652 2829 patitur,
668 2783 706 2818 &
728 2780 850 2829 figura
864 2781 1150 2820 orbicularis.in
1175 2782 1351 2817 lunarem
1366 2789 1557 2817 mutatum
1583 2779 1619 2815 id
1641 2780 1680 2815 in
1705 2779 1871 2820 conjun-

345 2839 476 2874 stione
498 2838 618 2873 Luuae
632 2835 896 2877 &SolisaliaS
911 2847 993 2871 non
1005 2834 1059 2870 fit.
1116 2837 1255 2872 Voluit
1268 2837 1358 2883 itaqs
1377 2834 1501 2883 Mysta
1522 2834 1741 2876 indicarc,le
1759 2843 1871 2867 amo-

346 2905 385 2930 re
397 2893 596 2941 conjugali
610 2894 662 2929 ita
672 2892 805 2936 teneri,
821 2902 861 2928 ut
880 2891 968 2928 suus
991 2891 1160 2941 amplius
1185 2903 1270 2928 non
1289 2890 1349 2930 sits
1363 2890 1537 2938 dumque
1550 2888 1738 2938 praesentia
1754 2890 1789 2923 ὃ(
1804 2898 1872 2922 co-

1808 2943 1871 2989 pia
