1980 3369
1520 232 1618 264 121.

84 288 339 327 servationem
351 285 523 325 videlicet
534 283 589 322 sui
602 284 718 335 ipsius
732 283 926 335 persolvit.
984 281 1046 322 Ac
1057 283 1214 334 dignior
1224 284 1360 333 is,(qui
1371 295 1457 322 non
1469 282 1574 322 ultro
1588 284 1624 323 se

81 346 123 382 in
145 344 360 393 periculum
382 342 574 389 conjecit)
598 343 674 379 vita
700 340 915 379 censendus
936 339 987 378 est
1001 367 1011 384 ‚
1029 340 1101 377 illo
1114 342 1183 388 qui
1197 349 1339 378 naturae
1353 352 1454 390 opus
1470 341 1624 390 perdere

84 400 223 439 voluit.
281 398 480 436 Excellens
491 398 598 433 enim
609 399 647 435 ὅ(
662 397 940 444 admirandum
954 405 1098 433 naturae
1120 407 1221 444 opus
1235 395 1285 432 est
1296 395 1520 433 humanum
1531 407 1621 434 cor-

83 467 168 505 pus,
182 463 295 491 tanto
308 452 474 491 artificio
488 452 770 496 constru6'mm,
784 449 924 501 totdue
941 452 1055 488 annis
1068 451 1298 488 educatum:
1322 463 1368 489 ac
1380 453 1412 489 is
1424 461 1552 489 morte
1565 452 1626 490 di·

82 522 197 561 gnuS,
212 510 281 558 qui
294 510 330 547 id
343 518 487 546 naturae
498 507 704 547 artificium
715 507 837 545 delere
852 516 1030 544 conatur.
1095 507 1299 555 Princeps
1288 515 1422 555 itaque
1432 507 1529 544 dum
1545 507 1621 545 ho-

83 567 154 603 stes
167 564 259 602 suos
270 563 570 613 quibuscunque
595 563 718 613 potest
736 563 889 607 modis,
913 562 949 599 se
959 562 1085 599 delere
1096 562 1208 604 velle,
1224 573 1272 598 ne
1284 562 1333 599 ab
1346 563 1420 599 illis
1432 563 1622 609 deleatur,

83 621 158 660 hac
168 619 452 670 Hierographia
465 618 648 665 ostendit,
661 630 787 667 neque
797 619 1037 668 imprudens,
1052 628 1182 666 neque
1195 617 1356 666 injustus
1369 617 1529 656 videtur.

224 732 590 784 INGENIO
669 730 1073 781 EXPERIOR
1151 721 1480 780 FUNERA

624 826 859 874 oroNA
921 826 1078 867 MEO,

228 906 374 944 Narrat
394 905 528 942 Iovius
543 905 651 953 quod
666 903 826 954 Prosper
848 904 1073 941 Columna'
1064 913 1144 950 Jam
1158 900 1271 941 senex
1287 901 1491 939 amoribus
1503 896 1626 939 suerit

81 959 415 1009 deditus‚(etiamsi
434 961 551 997 Poe'ra
565 961 603 997 id
615 959 768 998 senibus
778 960 961 998 dedecori
973 959 1044 997 effe
1058 959 1158 1002 velit,
1172 958 1269 995 dum
1280 958 1408 996 canit:

369 1017 516 1078 Turpe
528 1018 654 1078 ss’nex
667 1015 808 1075 miles,
829 1027 944 1080 turpe
947 1016 998 1080 s
979 1013 1093 1064 mlu
1103 1031 1235 1062 amor.
1239 1020 1268 1076 )

82 1098 128 1124 ac
140 1083 279 1130 scribit,
285 1085 426 1124 amasse
438 1086 620 1125 illustrem
637 1087 951 1135 foeminam,quae
964 1087 1019 1123 illi
1032 1095 1219 1123 mutuum
1233 1094 1412 1122 amorem
1426 1081 1620 1120 reddebat.

84 1143 217 1192 Qem
230 1153 322 1179 cum
334 1142 397 1179 ille
409 1153 545 1192 tegere,
561 1145 600 1181 ὅ(
625 1143 835 1181 honestum
863 1142 997 1179 haberi
1012 1155 1034 1179 v
1039 1142 1144 1182 ellet
1138 1163 1147 1180 >
1168 1140 1287 1178 iemel
1307 1138 1437 1176 secum
1453 1137 1628 1175 familia·

81 1208 164 1234 rem
178 1198 392 1244 quendam,
409 1198 469 1235 sed
484 1198 626 1236 humili
638 1199 730 1236 loco
744 1208 884 1236 natum
899 1197 1091 1240 nobilem,
1112 1207 1151 1233 111
1169 1196 1347 1233 foeminae
1361 1194 1523 1242 pudicos
1538 1188 1630 1230 rno-

83 1263 142 1289 res
156 1252 312 1297 videret,
325 1253 532 1293 adduxisse.
591 1256 673 1304 Qi
693 1254 895 1301 foeminae(
911 1264 951 1291 111
965 1253 1104 1297 solent,
1119 1252 1314 1293 instabiles
1336 1252 1375 1287 ὅ(
1401 1248 1629 1286 inconstan-

79 1317 135 1344 tes
149 1306 232 1351 effe,
248 1320 292 1346 ac
304 1311 419 1347 novis
431 1312 544 1346 rebus
557 1309 820 1358 delee‘rari)1ta
838 1311 995 1359 placuit,
1011 1320 1052 1346 ut
1065 1309 1230 1358 gratiam
1244 1309 1282 1344 ὃς
1307 1306 1470 1354 copiam
1492 1303 1549 1341 sui
1572 1303 1630 1341 illi

81 1363 536 1413 fecerit.Q10d,cum
558 1364 718 1404 summo
742 1367 866 1404 animi
886 1366 1024 1403 dolore
1048 1362 1263 1413 percepisset
1285 1360 1454 1410 Prosper,
1469 1369 1630 1397 taurum

81 1419 208 1456 Perilli
222 1431 292 1468 pro
308 1421 566 1471 Hieroglypto
580 1421 732 1468 adjesto
745 1421 941 1471 Symbolo
975 1422 1041 1458 IN
1056 1420 1090 1456 G
1107 1421 1133 1456 E
1148 1420 1186 1457 N
1204 1419 1271 1455 10
1310 1418 1342 1454 Ἐ
1353 1417 1389 1454 Χ
1401 1417 1427 1453 P
1439 1416 1468 1452 E
1481 1415 1628 1452 RIOR

82 1475 108 1514 F
125 1475 191 1511 V
176 1475 211 1511 ‘³1
228 1475 254 1511 E
266 1476 303 1512 R
319 1475 357 1512 A
396 1476 433 1512 D
450 1477 466 1514 1
481 1476 516 1513 G
531 1477 569 1513 N
582 1476 619 1513 A
652 1477 695 1514 M
710 1478 737 1513 E
751 1477 949 1526 O,e1egit;
964 1486 1006 1512 ut
1019 1475 1127 1513 osten
1131 1475 1237 1511 deret
1251 1471 1467 1510 seflammis
1480 1470 1629 1508 amoris

82 1531 204 1573 exuri,
219 1542 263 1567 ac
277 1531 372 1568 mali
384 1530 440 1568 sui
451 1530 614 1580 seipsum
627 1533 784 1570 causam
797 1532 888 1571 effe,
914 1530 1027 1580 quod
1051 1531 1201 1568 amasiaa
1174 1555 1200 1568 e
1224 1529 1296 1566 suae
1310 1529 1434 1565 alium
1448 1525 1630 1564 adduxis-

80 1585 132 1622 set
146 1597 332 1634 procum:
352 1599 396 1624 ac
406 1587 576 1625 eundem
587 1599 757 1626 errorem
783 1587 1026 1631 commisisse,
1042 1599 1160 1635 quem
1176 1586 1333 1623 Perillus
1346 1584 1444 1621 olim
1458 1582 1631 1619 commi-

81 1640 198 1678 serat:
219 1640 317 1678 dum
332 1644 474 1691 proprij
491 1644 667 1682 interitus
677 1643 789 1683 causa
804 1642 903 1680 effer.
960 1627 1119 1681 Perillus
1136 1643 1243 1679 enim
1257 1642 1453 1690 Tyranno
1469 1637 1631 1675 Phalari

81 1707 282 1734 invenerat
291 1697 461 1735 modum
473 1710 556 1746 quo
572 1699 779 1738 homines
770 1700 921 1749 ingenti
944 1700 1117 1736 cruciatu
1138 1696 1316 1740 interfici,
1341 1694 1484 1742 absque
1499 1693 1628 1730 astan-

79 1754 181 1789 tium
194 1752 537 1791 commiseratione
552 1753 711 1803 possent.
767 1755 949 1792 Taurum
963 1766 1105 1803 nempe
1116 1764 1282 1796 aeneum,
1288 1753 1353 1789 cui
1367 1748 1539 1787 inclusus
1552 1748 1629 1786 ho-

79 1820 165 1850 mo,
181 1807 392 1845 substrato
383 1821 484 1858 igne,
502 1821 587 1847 non
602 1811 782 1848 eiulantis
796 1821 863 1848 aut
874 1822 985 1860 geme
990 1812 1064 1847 ntis
1080 1810 1256 1847 hominis
1272 1818 1424 1848 vocem,
1443 1804 1501 1841 sed
1516 1805 1631 1841 bovis

81 1864 277 1912 mugitum
290 1864 424 1901 ederet.
481 1865 631 1902 Verum
647 1867 821 1905 Phalaris
833 1868 993 1903 miratus
1010 1865 1164 1903 artificis
1177 1865 1395 1914 ingenium,
1415 1862 1529 1898 illum
1544 1870 1630 1896 tau-

80 1919 402 1963 roincludijussit
416 1948 425 1962 ,
439 1933 483 1957 ac
498 1922 629 1969 ignem
652 1921 857 1961 substernis
879 1923 930 1959 ita
943 1920 1059 1959 miser
1080 1921 1240 1958 Perillus
1261 1920 1444 1968 mugiens
1470 1916 1631 1966 proprio

80 1975 259 2018 invento,
275 1976 313 2012 δι’
325 1975 503 2012 horribili
517 1978 656 2015 mortis
669 1989 807 2027 genere
822 1978 944 2027 perijt.

133 2087 242 2136 NE
294 2087 438 2137 PER
491 2089 854 2146 PioGG1A‚
905 2090 1019 2140 NE
1068 2088 1213 2137 PER
1276 2083 1585 2136 VENTo.

163 2219 456 2292 NEQE
511 2165 1183 2292 PLUVIAECstquQE
1238 2218 1551 2270 VENTo.

235 2316 373 2354 Turris
387 2326 454 2354 aut
467 2316 676 2355 aedificium
701 2315 809 2365 supra
833 2328 969 2366 rupem
982 2315 1217 2359 exaustum,
1231 2316 1416 2354 animum
1439 2305 1630 2361 Principis

80 2370 238 2414 indicat,
253 2374 333 2420 qui,
348 2382 388 2409 ut
400 2375 509 2410 turris
524 2385 651 2419 neque
664 2372 683 2408 a
701 2383 834 2414 vcntO,
851 2384 1009 2419 nequea
1022 2372 1155 2422 pluvia
1179 2373 1362 2415 concuti,
1378 2370 1544 2417 acdcijci
1557 2380 1631 2417 po·

79 2426 160 2468 test,
175 2428 224 2463 ita
250 2439 320 2464 nec
341 2426 433 2464 ilica
448 2429 557 2465 rebus
571 2427 744 2465 adversis.
803 2427 1001 2465 Constans
1026 2429 1131 2464 enim
1157 2427 1207 2464 est
1219 2439 1263 2466 ac
1289 2426 1438 2469 firmus,
1456 2437 1495 2462 ut
1514 2425 1632 2462 1111110

81 2481 263 2525 fortunae,
278 2493 343 2520 aut
356 2484 588 2520 adversitatis
602 2485 680 2520 telo
696 2484 908 2525 immulati,
934 2493 1000 2520 aut
1012 2482 1184 2520 convelli
1203 2482 1333 2531 possit.
1387 2483 1631 2534 Qicunque

80 2537 308 2581 hujusmodi
331 2539 556 2577 constantia:
581 2538 825 2588 propositum
850 2538 917 2575 sibi
942 2539 1131 2588 proponit
1152 2539 1346 2586 Princeps,
1365 2538 1477 2575 laude
1489 2537 1631 2585 dignus

80 2592 143 2629 cst.
199 2593 310 2630 Nihil
325 2596 431 2633 enim
449 2596 567 2633 Heroi
581 2596 706 2644 magis
719 2595 978 2637 conveniens,
992 2593 1114 2642 quam
1129 2593 1297 2631 fortunae
1319 2595 1485 2642 impetus
1509 2591 1629 2639 negli-

79 2649 386 2696 gcrc,invrCtum
399 2649 432 2686 sc
453 2650 617 2698 praebere
631 2678 640 2692 ,
665 2650 808 2697 quaevis
824 2649 998 2697 perferre,
1025 2661 1069 2687 ac
1093 2649 1293 2686 ostendere
1317 2651 1498 2686 animum
1516 2645 1632 2683 omni

81 2703 258 2746 fortuna,
273 2705 391 2742 ctiam
405 2704 561 2743 adversa
586 2704 658 2742 effe
681 2709 874 2749 majorem
889 2718 896 2740 ;
926 2707 962 2742 ὅ(
978 2705 1180 2742 fortunam
1195 2704 1326 2754 potius
1338 2706 1491 2745 animo,
1508 2712 1631 2748 quam

79 2760 262 2795 animum
275 2759 443 2797 fortunae
458 2772 598 2809 parere.
637 2761 679 2797 Id
703 2758 799 2797 certe
825 2772 1012 2809 martyres
1037 2761 1284 2809 complures,
1313 2760 1381 2807 qui
1403 2758 1631 2807 sangvincm

81 2824 152 2860 pro
172 2814 310 2851 Christi
326 2814 401 2851 fide
412 2815 610 2856 fuderunt.
626 2828 670 2852 ac
683 2818 809 2853 varias
822 2816 1074 2860 calamitates,
1091 2814 1277 2863 variatiue
1291 2824 1485 2852 tormenta
1504 2822 1631 2861 pertu-

81 2868 219 2911 lerunt,
236 2870 432 2907 testantur.
493 2872 535 2908 ln
551 2871 718 2908 ferendis
734 2872 840 2907 enim
856 2873 1073 2914 tormentis,
1091 2874 1127 2908 ὃ(
1141 2871 1310 2912 torturis,
1329 2871 1447 2906 etiam
1461 2869 1632 2905 delicatae

81 2925 315 2974 virgunculae
326 2936 406 2963 tam
418 2927 636 2964 constantes
651 2926 856 2964 nonnullae
867 2925 1037 2971 fuerunt,
1055 2937 1095 2964 ut
1111 2937 1195 2963 non
1206 2927 1413 2963 tormentis
1428 2924 1559 2978 affligi,
1570 2921 1632 2959 scd

755 2993 760 2998 ·
853 2981 899 3018 M
1483 2979 1633 3023 deliciis
