1980 3369
751 269 959 325 VIVO
1017 271 1075 386 Od
1112 271 1406 385 13:MOR
1316 274 1440 330 TO

671 402 876 474 VIVA
933 406 1094 473 AuT
1153 405 1521 466 MORTUA.

497 501 648 552 Aquila
660 503 796 541 avium
810 504 997 542 omnium
1016 503 1162 553 regina,
1176 514 1222 541 ac
1243 504 1476 552 imperatrix,
1493 516 1568 553 prae
1588 507 1727 543 caeteris
1742 504 1881 545 avibus

343 558 525 597 animosa
538 558 602 597 est.
654 558 721 596 Ob
744 560 782 596 id
795 561 876 605 ejus
896 557 1019 609 figura
1042 558 1263 607 legionibus
1278 559 1565 597 Romanorum
1590 561 1798 611 praegestari
1810 571 1882 609 pro

342 613 459 664 signis
470 614 702 656 militaribus
714 613 913 658 solebat,&
928 614 1057 652 adhuc
1070 613 1189 651 hodie
1201 614 1487 663 Imperatorum
1502 616 1785 653 Romanorum
1797 616 1880 660 scu?

343 670 392 714 tis
401 670 599 719 gentilitijs
609 667 784 707 inseritur
797 671 937 718 biceps.
975 670 1101 707 Notat
1112 679 1243 706 autem
1260 669 1443 707 hocloco
1457 670 1664 708 authorem
1678 673 1882 720 Hierogtaf

341 724 445 775 phiae
454 725 741 764 Ferdinandum
756 724 1264 773 Gonzagam,1mperatoris
1279 726 1442 762 nomine
1454 725 1758 775 belligerantem
1774 726 1882 776 Qia

342 791 442 819 vero
457 780 505 818 ad
519 781 710 824 arcem,in
723 783 818 830 jugo
832 780 979 816 montis
999 779 1207 819 constituta
1217 779 1348 829 dirigit
1361 780 1595 824 volatum,&
1610 781 1804 831 Symbolo
1819 782 1884 823 ait:

343 835 382 873 V
398 836 413 872 1
428 834 465 873 V
480 835 519 873 Ο
551 835 590 881 Q
622 835 667 872 M
681 835 718 873 O
735 836 772 872 R
786 836 822 872 T
837 835 889 879 Ο,
904 835 944 872 id
967 834 1031 878 est,
1046 836 1132 872 viva
1151 844 1218 872 aut
1237 845 1392 872 mortua
1408 863 1417 878 ,
1439 833 1587 884 (supple
1598 837 1645 874 ad
1657 848 1785 874 arcem
1801 847 1882 886 perf

343 891 519 938 veniam)
530 890 726 928 indicatur
739 891 895 929 animus
909 890 1048 929 Ducis;
1072 891 1140 938 qui
1153 901 1293 932 arcem,
1304 902 1379 938 qua
1387 902 1424 927 m
1438 890 1611 928 obsidere
1623 901 1804 935 conatur,
1817 899 1886 929 aut

348 946 653 994 scopum‚quem
663 944 849 994 consequi
861 944 1034 995 sperat,se
1044 945 1227 994 neglectis
1240 946 1415 994 periculis
1429 946 1629 991 omnibus,
1643 958 1727 996 quae
1740 948 1780 986 in
1794 947 1887 984 Hie·

343 1004 530 1053 mglypto
542 1001 661 1043 maris
674 1001 888 1043 latitudine,
908 1001 1056 1038 montis
1067 1000 1284 1046 altitudine,
1297 1013 1342 1038 ac
1353 1002 1495 1038 itineris
1511 1002 1758 1051 longitudine
1770 1001 1883 1051 figni-

333 1052 525 1101 ficantur,
543 1055 579 1093 se
591 1067 741 1104 capere,
755 1066 822 1098 aut
836 1057 939 1093 mori
954 1056 1062 1095 velle,
1082 1055 1258 1093 ostendit.
1315 1055 1503 1094 Generosi
1533 1059 1641 1094 enim
1653 1069 1708 1095 rac
1720 1069 1882 1107 magna-

344 1113 444 1153 nimi
460 1112 524 1154 est,
539 1123 668 1159 neque
679 1112 992 1160 pericula‚neque
1006 1121 1175 1148 mortem
1190 1109 1363 1149 metuere
1386 1124 1430 1149 ac
1442 1113 1503 1149 vel
1524 1113 1686 1150 vincere,
1697 1113 1735 1150 &
1750 1122 1886 1161 optata

346 1167 579 1217 adipisci,vel
593 1168 697 1206 mori
710 1166 828 1205 velle:
843 1179 938 1204 verae
951 1166 1189 1204 fortitudinis
1203 1169 1240 1204 &
1254 1167 1479 1204 constantiae
1492 1166 1657 1217 signum.
1671 1167 1823 1206 Cavere
1831 1177 1886 1216 t-af

344 1224 563 1262 menduces
576 1223 731 1265 debent,
746 1234 795 1261 ne
807 1223 902 1260 dum
924 1221 1185 1260 constantiam
1200 1233 1244 1259 ac
1269 1221 1542 1260 fortitudinem
1553 1224 1594 1260 in
1616 1222 1731 1261 rebus
1742 1223 1887 1271 pericu<

346 1279 434 1322 leis
445 1279 681 1327 quaerunt,in
698 1279 945 1326 pertinaciam
957 1277 1141 1316 incidant.
1199 1278 1289 1314 Haec
1305 1278 1411 1315 enim
1423 1277 1515 1327 saepe
1526 1278 1752 1318 constantiae
1766 1277 1887 1326 specie

345 1334 458 1378 fallit,
475 1333 741 1370 bellidueibus
756 1334 947 1381 imprimis
959 1333 1129 1370 vitanda.
1187 1331 1298 1370 Dum
1319 1334 1426 1371 enim
1451 1334 1496 1378 ijs
1514 1333 1799 1381 consequendis
1813 1333 1887 1380 stur

342 1391 540 1437 dent‚quae
552 1387 785 1437 prudentum
797 1388 944 1433 judicio
956 1387 1124 1426 obtineri
1140 1399 1223 1425 non
1238 1386 1406 1436 possunt,
1420 1389 1564 1426 multas
1578 1389 1631 1426 rei
1642 1386 1741 1427 bene
1752 1400 1889 1440 geren·

343 1446 401 1484 dae
412 1444 635 1483 occasiones
648 1455 732 1481 non
747 1441 876 1482 solum
889 1444 1078 1481 amittunt
1090 1471 1100 1488 ,
1116 1442 1175 1481 sed
1188 1454 1269 1481 rem
1290 1442 1400 1482 suam
1416 1444 1593 1494 perdunt.

421 1533 542 1606 SIC
603 1530 836 1582 ALIAS
895 1530 1299 1583 DEVORAT
1357 1531 1525 1583 UNA
1585 1530 1811 1582 MEAS.

499 1627 733 1678 Manipulus
766 1625 833 1676 hic
845 1627 1069 1677 plumatum
1096 1626 1156 1666 vel
1171 1638 1392 1676 pennarum
1418 1625 1548 1664 diversi
1583 1627 1729 1677 generis
1751 1627 1890 1674 avium

344 1683 593 1736 conspicitur.
632 1683 871 1735 Symbolum
886 1684 952 1727 ait,
967 1694 1090 1723 unam
1110 1683 1250 1730 aquilae
1261 1694 1402 1731 nempe
1418 1694 1605 1731 pennam,
1620 1682 1714 1719 alias
1728 1682 1887 1722 devora-

344 1741 400 1782 r'ess
457 1741 640 1779 Scribitur
664 1737 805 1777 enima
821 1738 949 1776 Plinio
971 1749 1059 1775 eam
1082 1738 1225 1775 habere
1250 1747 1432 1775 naturam
1456 1749 1628 1787 pennam
1641 1738 1794 1785 aquilae,
1810 1737 1888 1775 utfi

345 1796 445 1836 inter
456 1797 622 1834 aliatum
635 1796 767 1832 avium
782 1804 930 1842 pennas
945 1803 1127 1842 ponatur,
1142 1794 1226 1830 illas
1248 1792 1467 1842 gonsumat
1481 1794 1518 1830 ὃς
1542 1793 1588 1829 ad
1602 1793 1813 1830 teredinem
1829 1793 1889 1831 vel

343 1849 478 1892 tabem
488 1851 665 1890 deducat
694 1850 829 1887 Multae
841 1846 928 1886 sunt
943 1847 1171 1894 huiusmodi
1185 1849 1300 1886 etiam
1325 1860 1451 1885 rerum
1464 1849 1771 1885 inanimatarurn
1788 1849 1889 1885 anti-

344 1908 525 1958 pathiae,
516 1917 568 1943 ita
584 1915 625 1942 ut
638 1905 803 1942 alterum
824 1904 984 1949 alterum
1009 1916 1093 1940 non
1109 1903 1215 1940 ferat.
1260 1904 1381 1940 filicis
1404 1905 1441 1940 ὃς
1468 1904 1671 1940 arundinis
1695 1912 1804 1941 tanta
1818 1901 1890 1941 effe

344 1966 494 2007 dicitur,
509 1972 551 1999 ut
564 1960 588 1998 si
603 1960 683 1999 falx
695 1958 799 1997 filice
815 1960 1026 2003 muniatur,
1042 1960 1079 1997 δε
1095 1958 1304 1997 arundines
1328 1970 1373 1995 ea
1388 1957 1571 2001 secentur,
1596 1970 1805 2006 nunquam
1818 1971 1892 2008 po-

347 2016 421 2058 stea
437 2016 699 2057 renascantur
737 2016 932 2065 Magnetis
947 2016 1065 2052 etiam
1077 2016 1114 2052 δι
1131 2015 1208 2060 allij
1221 2023 1340 2057 tanta,
1357 2024 1397 2051 ut
1409 2026 1458 2050 eo
1472 2014 1671 2057 inunstus,
1684 2015 1762 2051 vim
1781 2013 1891 2052 suam

345 2073 525 2112 trahendi
539 2071 684 2109 ferrum
701 2046 832 2119 planec>
830 2071 1000 2108 amittat:
1027 2071 1211 2120 Qorum
1226 2070 1409 2107 omnium
1431 2068 1611 2106 diffensus
1633 2070 1745 2112 ratio,
1762 2069 1889 2106 homi

347 2124 518 2184 niplane
533 2128 664 2166 abdita
675 2127 739 2164 est
798 2126 939 2163 Pennis
961 2125 1019 2163 vel
1050 2125 1192 2173 plumis
1207 2125 1304 2162 olim
1333 2125 1449 2174 galeae
1463 2125 1748 2162 Rornanorum
1773 2137 1891 2162 orna·

346 2182 504 2235 bantur,
520 2193 561 2220 ut
576 2183 674 2222 hosti
689 2184 871 2225 maiores,
887 2183 924 2218 &
936 2181 1179 2217 terribiliores
1191 2190 1430 2228 apparerent,
1438 2177 1669 2227 faciliusque
1682 2180 1889 2218 vistoriam

348 2233 571 2279 obtinerent
628 2239 749 2286 Nunc
763 2237 841 2275 Vn
833 2236 925 2285 gari,
939 2245 1039 2283 quot
1051 2236 1198 2273 Turcas
1214 2235 1498 2274 interfecerunt,
1513 2244 1571 2271 tot
1581 2247 1722 2284 gruum
1742 2247 1892 2283 pennas

347 2296 466 2349 galeis
480 2303 547 2332 aut
560 2292 729 2342 pileolis
721 2303 923 2341 imponere
938 2290 1072 2333 solent,
1078 2292 1126 2327 ita
1142 2302 1277 2339 pennae
1291 2291 1364 2327 illis
1379 2291 1548 2327 victoriae
1561 2289 1665 2339 figna
1680 2288 1779 2327 sunt.
1803 2292 1891 2328 Fot-

346 2350 453 2389 tassis
465 2350 513 2388 ab
528 2346 644 2386 istoru
659 2349 835 2385 moribus
862 2346 1121 2384 Ferdinandus
1135 2346 1326 2394 Gonzaga
1353 2346 1638 2407 Hieroglypton
1657 2345 1884 2395 desumpsit,

347 2402 496 2468 sibique
509 2405 731 2453 applicavit,
787 2403 896 2440 Nam
909 2413 999 2438 cum
1016 2402 1193 2449 privatas,
1211 2413 1232 2438 v
1237 2399 1411 2450 ειηαῆυς
1423 2410 1557 2438 contra
1571 2402 1753 2437 inimicos
1769 2413 1790 2439 v
1795 2401 1889 2439 tcto-

413 2463 488 2515 rias
504 2458 742 2503 obtinuisset,
758 2458 929 2494 indicare
950 2457 1077 2494 voluit
1099 2456 1350 2493 celebriorem
1378 2468 1524 2499 unam,
1550 2468 1672 2503 quam
1687 2457 1827 2504 aquilae

360 2514 364 2518 ’
535 2515 715 2575 bicipitis,
730 2513 977 2560 Imperatoris
1001 2512 1177 2549 videlicet
1191 2522 1356 2548 nomine
1378 2511 1569 2548 obtinuit.
1585 2512 1704 2558 (illius

653 2571 764 2607 enim
785 2568 859 2606 fuit
879 2567 1077 2616 supremus
1099 2567 1189 2604 belli
1206 2566 1317 2615 Dux)
1335 2566 1430 2604 alias
1445 2578 1585 2604 omncs

809 2623 990 2661 obscuras
1003 2623 1170 2666 reddere,
1179 2623 1382 2659 obliterare
1395 2633 1441 2659 ac

1000 2680 1240 2718 extimuere.

1105 2722 1143 2790 ’ἵ
