1980 3369
331 228 451 279 '4⁰‘
710 285 1071 336 cANDoR
1151 288 1498 340 inlesus.

481 380 784 430 Vespertiliones
798 378 864 419 hic
875 382 1074 426 inimicos,
1092 383 1301 421 &invidos
1325 394 1481 423 notant.
1541 384 1643 421 Olor
1663 385 1867 434 Principis-

326 437 421 475 sam.
478 435 683 486 Vespettil
674 449 715 473 10
728 448 857 485 neque
867 438 1099 487 quadrupes,
1114 450 1242 486 neque
1254 440 1336 481 avis
1354 439 1418 483 est,
1439 439 1637 488 utriusque
1650 450 1783 478 tamen
1797 454 1867 478 na-

322 502 417 530 turae
430 494 637 542 particeps:
659 493 775 529 Pedes
799 493 908 530 enim
923 493 1041 530 habet
1054 505 1098 530 ac
1109 494 1268 538 dentes,
1282 504 1324 531 ut
1336 495 1416 532 alia·
1432 495 1718 544 quadrupedes
1707 498 1867 546 pennis

324 545 550 598 plumisquc
561 557 681 585 caret:
701 546 852 585 Lucem
867 547 969 585 Solis
992 560 1076 585 non
1092 548 1175 592 fert,
1192 560 1391 598 propterea
1411 550 1554 599 vesperi
1574 561 1729 588 tantum
1744 564 1868 589 mem-

325 603 468 647 branis,
482 615 566 641 non
579 603 664 646 alis,
677 612 719 639 ut
730 604 812 641 avis
824 602 975 643 volitat
1004 603 1155 653 Cignus
1171 604 1363 649 albedine,
1378 608 1415 644 &
1431 606 1604 643 candore
1617 617 1767 644 caeteras
1781 620 1828 645 ax
1831 618 1870 644 es

323 658 489 708 superat.
546 658 731 707 Apollini
750 657 850 697 sacer
869 658 962 701 est,
948 672 969 696 a
990 672 1074 708 quo
1091 660 1380 697 divinationem
1394 661 1535 698 habete
1559 663 1728 700 videtur:
1761 665 1868 700 Nam

321 714 534 765 praevidens
547 713 644 763 quid
654 715 694 751 in
705 723 830 751 morte
843 712 885 752 fit
899 715 1010 757 boni,
1025 715 1117 752 cum
1130 725 1248 752 cantu
1262 718 1298 753 δε
1317 716 1517 765 voluptate
1535 719 1712 755 moritur.
1735 718 1869 755 Musa-

321 781 413 808 tum
433 770 554 809 etiam
573 769 628 807 ob
653 780 818 808 cantum
838 771 916 810 ales
940 771 1098 810 dicitur,
1125 783 1170 808 ac
1194 772 1291 808 boni
1312 771 1458 821 semper
1474 773 1526 810 est
1547 775 1708 818 ominis,
1735 774 1869 811 Ennio

321 825 437 864 teste:

592 878 760 944 Cygnus
777 881 821 928 in
832 877 1203 949 abgspcizjsft’mper
1212 878 1444 942 laett'ssz'mus
1455 882 1545 930 ales

672 953 804 1000 Hunc
811 963 946 1015 optant
955 963 1101 1009 naum,
1114 954 1217 1019 qnia
1238 954 1363 1018 nonſs
1376 965 1532 1017 mergzt
1543 954 1587 1001 in
1597 954 1731 1002 undis.

446 1022 503 1061 Vt
515 1017 608 1059 vero
621 1023 787 1059 eximius
799 1024 949 1059 candor
961 1023 1047 1073 Cy
1025 1025 1104 1067 crui,
1117 1024 1137 1060 a
1152 1036 1173 1060 v
1177 1023 1371 1072 espertinis
1389 1025 1558 1061 tenebris
1571 1024 1768 1062 obscurari
1784 1037 1868 1062 non

320 1076 466 1127 potest,
495 1074 710 1126 multoque
734 1077 867 1115 minus
887 1091 906 1115 a
930 1079 1339 1116 circumvolitantibus
1361 1080 1718 1128 vespertilionibus.
1752 1082 1806 1117 ita
1829 1083 1868 1117 &

319 1133 425 1170 istius
441 1132 668 1181 Principiffae
680 1134 805 1170 animi
821 1135 984 1176 candor,
999 1145 1135 1172 contra
1160 1134 1423 1182 perversorum
1438 1136 1722 1173 &invidorum
1735 1135 1868 1173 homi-

318 1199 419 1225 num
430 1188 592 1225 technas
611 1187 747 1225 illaesus
763 1200 984 1237 permanet:
1007 1202 1136 1236 neque
1154 1192 1305 1236 injurijs
1319 1201 1386 1228 aut
1398 1192 1607 1237 calumniis
1622 1189 1786 1235 ostendi,
1800 1199 1869 1228 aut

318 1241 404 1281 laedi
419 1242 555 1292 potest
612 1243 946 1306 Magniprofesto
961 1247 1085 1282 animi
1107 1245 1297 1282 indicium
1311 1246 1386 1291 est,
1411 1248 1571 1295 injurias
1594 1247 1869 1284 &calumnias

317 1309 589 1342 contemnere,
604 1311 649 1335 ac
662 1300 898 1337 innocentiae
913 1300 1020 1338 scuto
1035 1303 1223 1349 excipere,
1240 1300 1535 1351 vindifi'tamque
1550 1303 1640 1338 Deo
1662 1301 1734 1339 loli
1755 1293 1869 1339 relin-
1873 1323 1879 1326 -

317 1366 448 1404 quere.
511 1355 705 1392 Narratur
717 1354 765 1392 de
779 1356 884 1393 lulio
899 1356 1058 1399 Caesare,
1073 1357 1184 1404 quod
1197 1356 1396 1395 nullarum
1409 1369 1541 1395 rerum
1565 1357 1719 1396 oblivio
1744 1369 1869 1406 quam

318 1411 554 1457 injuriarum
567 1408 682 1446 illuln
696 1421 831 1459 capere
845 1422 1008 1461 poterat,
1027 1412 1081 1449 ob
1105 1424 1229 1460 quam
1254 1412 1444 1450 causam
1431 1426 1452 1450 a
1468 1413 1601 1450 multis
1616 1414 1716 1450 olim
1737 1413 1868 1462 philo·

316 1465 643 1515 sophislaudatus
656 1465 744 1510 fuit,
770 1467 891 1515 &pro
904 1469 1168 1517 magnanimo
1192 1468 1362 1506 habitus.
1420 1470 1542 1506 Nunc
1567 1469 1720 1506 nobiles
1743 1470 1826 1513 viri,
1841 1466 1868 1505 fi

315 1521 462 1559 inultas
475 1521 634 1569 injurias
646 1521 886 1572 relinquant,
901 1523 937 1560 se
950 1536 1021 1572 pro
1034 1524 1193 1568 abjectis
1217 1523 1353 1561 habeti
1367 1526 1594 1573 opinantur,
1610 1534 1718 1562 tanta
1729 1524 1780 1562 est
1793 1523 1867 1561 hu-

315 1579 376 1626 jus
388 1576 516 1622 seculi,
532 1578 573 1613 in
585 1576 850 1621 dijudicandis
863 1580 979 1616 rebus
1002 1580 1099 1617 veris
1119 1578 1140 1616 a
1155 1578 1258 1617 falsis
1281 1580 1430 1630 caligo:
1455 1579 1603 1617 Verum
1617 1580 1697 1617 haec
1722 1579 1865 1617 Princi-

314 1631 408 1682 piffa
419 1631 495 1671 hac
507 1633 850 1683 Hierogtaphia‚se
861 1634 1097 1684 praestantius
1111 1635 1186 1672 hac
1198 1635 1246 1672 de
1255 1647 1294 1672 re
1304 1635 1647 1682 habetejudicium
1661 1635 1841 1673 ostendit,

519 1744 735 1818 Qus
811 1747 1255 1820 NOSTRos
1331 1748 1670 1799 EXPIET

938 1843 1178 1879 IGNES.

466 1917 566 1955 Non
580 1917 746 1956 dubium
759 1918 823 1958 est,
838 1920 934 1967 quin
950 1919 1013 1956 iste
1025 1918 1133 1964 Dux,
1150 1919 1245 1956 dum
1260 1922 1325 1962 ait,
1348 1921 1466 1970 QVI
1483 1920 1506 1956 S
1541 1920 1579 1957 N
1593 1921 1631 1957 Ο
1650 1921 1671 1957 S
1684 1921 1720 1956 T
1736 1921 1769 1956 R
1790 1919 1827 1955 O
1841 1919 1864 1956 S

312 1973 341 2011 E
355 1972 390 2010 X
402 1973 429 2009 P
442 1973 458 2010 1
470 1973 545 2009 ET
583 1974 598 2010 1
614 1973 698 2012 GN
715 1975 742 2011 E
757 1975 780 2011 S
795 2002 805 2018 ‚
839 1976 985 2011 amoris
1014 1975 1122 2024 ignes
1144 1978 1180 2012 δε
1197 1975 1379 2012 flammas
1401 1976 1611 2026 intelligat:
1639 1976 1700 2012 Ac
1732 1977 1866 2012 amicae

313 2026 602 2077 suaeingeniose
616 2028 689 2066 hac
703 2030 987 2079 Hierographia
1009 2029 1207 2079 significet,
1223 2031 1335 2078 (cum
1350 2031 1521 2068 fortassis
1546 2032 1630 2078 alijs
1645 2031 1866 2068 rationibus

311 2083 492 2133 praeclusa
519 2083 631 2121 illisit
644 2086 728 2133 via)
753 2097 876 2133 quam
900 2086 1150 2123 vehementer
1176 2087 1277 2124 illius
1293 2099 1431 2123 amore
1455 2087 1603 2136 flagret,
1626 2085 1865 2134 quantisque

312 2139 498 2182 flammis,
513 2151 610 2187 quas
625 2153 676 2177 ne
692 2141 879 2178 Oceanus
890 2143 1050 2188 quidem
1062 2145 1283 2192 extingvere
1296 2141 1427 2191 possit,
1443 2144 1585 2181 ardeat.
1645 2141 1866 2190 Comparat

308 2196 418 2232 enim
432 2196 581 2231 amoris
591 2196 898 2239 vehementiam,
927 2197 1103 2234 AEthnae
1116 2208 1183 2234 aut
1195 2192 1686 2248 Hcclae1n011tis:g'flanit1·iis,
1702 2209 1787 2244 quae
1801 2209 1864 2246 pe·

310 2262 461 2292 rennes,
493 2252 531 2287 δε
547 2262 749 2315 perpetuae,
766 2264 855 2300 neq3
877 2253 926 2289 ab
948 2254 1073 2290 imbre
1086 2265 1214 2301 neque
1234 2254 1346 2295 mati,
1363 2257 1431 2289 aut
1451 2252 1575 2294 flussvio
1588 2255 1759 2303 extingvi
1775 2251 1861 2315 pos

310 2305 412 2349 sunt,
425 2306 615 2355 tantaque
627 2309 664 2345 vi
681 2306 794 2345 saxa'
785 2310 960 2358 ingentia
972 2307 1172 2351 eructant,
1200 2319 1240 2345 ut
1259 2309 1306 2346 ad
1326 2309 1480 2356 aliquot
1501 2308 1685 2351 miliaria,
1702 2310 1802 2359 ignis
1827 2309 1864 2344 vi

310 2362 579 2425 proiiciantur.
635 2363 841 2413 Eleganter
864 2366 1023 2401 omnia·
1016 2386 1026 2402 ³
1047 2365 1108 2401 vix
1135 2365 1240 2400 enim
1266 2366 1411 2401 amoris
1434 2366 1523 2414 igne
1543 2367 1581 2400 ἀ
1596 2364 1767 2400 flammis
1781 2359 1863 2401 aliae

310 2419 483 2464 majores
497 2416 567 2455 esse
582 2417 748 2466 possunt.
776 2420 924 2469 thote
944 2431 1029 2467 quoe
1043 2418 1353 2457 microcosmum
1378 2421 1646 2463 consumunt,
1671 2421 1707 2455 in
1730 2420 1862 2456 tabem

310 2473 503 2523 redigunt,
519 2485 564 2510 ac
577 2472 694 2522 plane
708 2486 886 2512 exurunt:
944 2474 1119 2513 Primum
1142 2477 1249 2512 enim
1265 2486 1443 2513 amantes
1465 2476 1595 2516 tristes,
1622 2475 1761 2520 abjcfti
1777 2476 1862 2511 ani-

309 2529 379 2572 mi,
394 2539 438 2566 ac
451 2529 639 2578 pallentes
651 2529 765 2574 fiunt,
786 2528 994 2580 longisque
1009 2529 1170 2578 suspiriis
1184 2532 1304 2567 vitam
1321 2531 1497 2573 trahunt,
1513 2528 1754 2579 tandemque
1769 2542 1861 2578 pau*

309 2584 421 2621 latim
445 2583 625 2623 miseram
646 2586 767 2623 vitam
781 2597 916 2636 agunt,
932 2598 977 2623 ac
989 2585 1251 2623 extabescunt.
1307 2587 1351 2624 Id
1372 2587 1476 2636 apud
1500 2587 1682 2623 Plautum
1706 2585 1861 2623 testatur

311 2638 553 2685 adolescens,
566 2640 662 2678 dum
681 2642 733 2678 ait
748 2654 757 2677 :

586 2693 757 2762 Jachr,
770 2697 937 2754 crucior,
950 2700 1098 2760 agitor,
1110 2694 1224 2763 stim
1231 2695 1331 2753 κίον,
1347 2698 1486 2752 verffir
1498 2699 1540 2745 1222
1557 2697 1717 2745 amoris

595 2769 706 2816 Rota
719 2769 859 2833 miſs'r,
881 2769 1257 2831 exanimor,feror,
1271 2766 1456 2832 clcs'ffi’ror,
1469 2770 1515 2816 cli
1558 2769 1690 2825 rabor,

594 2839 807 2904 Dirzpior,
821 2841 881 2886 ita
901 2837 1066 2887 nullam
1080 2851 1268 2887 mentem
1283 2839 1422 2886 animi
1435 2838 1571 2896 habeo,
1587 2837 1778 2954 ulnsstbm,

1687 2909 1716 2956 I
1741 2907 1755 2953 ι’
1784 2923 1860 2953 nont
