1980 3369
341 275 393 304 10,

734 339 1079 393 FESTINA
1154 341 1440 393 LENTE.

467 434 670 473 Convenit
682 434 761 472 haec
774 437 1055 486 Hierographia
1068 448 1161 483 cum
1176 437 1354 488 proxime
1376 438 1618 488 praecedenti:
1635 436 1839 474 Columna

340 494 446 530 enim
460 503 517 537 res
530 503 664 540 graves
679 489 919 540 magnasque
929 493 1072 540 quibus
1088 492 1478 543 respub.innititur‚ut
1490 494 1555 539 illa
1566 492 1757 530 strusturae
1770 504 1839 529 au·

338 548 518 597 gustioris
533 545 704 583 fulcrum
719 544 789 583 esse
806 547 914 592 solet,
927 547 1109 598 designat.
1164 551 1278 587 Hanc
1306 549 1531 586 festinanter
1551 550 1589 586 ὃς
1603 545 1703 589 lente
1715 559 1838 584 excre-

339 602 445 639 scens
471 602 744 649 circumvolvit
766 604 895 638 vinea.
950 603 1196 648 Festinanter,
1223 606 1316 654 quia
1339 608 1401 642 vix
1418 605 1521 653 stirps
1537 613 1604 641 aut
1621 603 1736 640 arbor
1757 613 1841 639 tam

339 655 417 694 cito
434 669 564 703 ramos
579 657 770 705 producit,
786 668 829 694 ac
842 659 969 701 vinea,
986 656 1087 708 lente
1107 669 1192 696 tum
1217 658 1325 707 quod
1341 659 1539 708 aspicienti
1560 668 1693 701 motus
1708 658 1841 695 nullus

340 722 536 762 appareat,
550 722 636 748 tum
649 712 757 759 quod
766 713 909 749 tardius
926 713 1062 750 botros
1078 713 1186 758 ferat,
1203 717 1240 757 ὅ(
1256 725 1428 751 maturet
1485 714 1690 752 Prudenter
1700 713 1840 755 admo-

343 778 485 805 nentur
498 768 686 816 principes
704 779 726 803 v
730 769 786 814 iti,
801 780 849 804 ne
863 780 953 805 cum
966 781 1058 818 grav
1050 769 1190 807 issima
1203 772 1370 820 negocia
1383 782 1428 807 ac
1445 782 1490 807 ex
1505 769 1648 818 quibus
1659 768 1757 805 salus
1768 769 1840 804 rei·

343 824 433 885 pub.
456 823 647 871 dependet
674 823 853 871 trassant,
877 826 993 861 nimis
1017 835 1223 873 properent
1247 837 1291 863 ac
1305 823 1524 862 inconsulte
1542 826 1578 861 &
1601 819 1843 860 immeditate

342 879 547 927 quippiam
576 878 847 927 aggrediantur
871 889 937 915 aut
959 880 1146 917 statuant:
1169 879 1257 918 raro
1279 883 1386 917 enim
1408 881 1519 917 foelix
1547 889 1708 922 eventus
1729 878 1840 924 huju-

342 934 470 972 smodi
484 933 644 970 consilia
657 923 837 983 sequitur.
846 932 991 971 Lente
982 946 1075 982 itaq&
1092 936 1324 975 festinandsr,
1340 937 1405 972 Sat
1417 934 1496 973 cito
1508 935 1534 972 si
1545 933 1601 975 sat
1611 935 1721 971 bene
1736 934 1844 970 festi·

342 991 453 1028 natio
465 1001 539 1037 neq
546 1001 592 1025 ue
605 990 872 1038 cernit,ncque
883 1000 991 1028 cavet
1001 992 1294 1040 pericula,lenta
1309 990 1403 1030 vcro
1416 1001 1568 1040 tempus
1583 989 1754 1029 habersut
1766 1000 1841 1026 no·

344 1048 408 1083 xia
420 1043 604 1097 'observet
617 1046 655 1080 δε
669 1046 798 1085 evitet.

567 1132 967 1184 SUSTINET
1017 1136 1184 1185 NEC
1240 1134 1629 1190 FATISC1T‚

426 1226 607 1266 Andreas
621 1229 735 1266 Gritti
749 1241 839 1275 cum
854 1228 1033 1265 foeliciter
1049 1228 1221 1274 ofitcnnij
1239 1227 1387 1266 bellum
1403 1241 1474 1277 pro
1492 1229 1654 1267 Venetis
1666 1227 1839 1278 gessisset,

346 1295 391 1322 ac
403 1284 609 1321 Patavium
625 1294 762 1329 contra
778 1284 1106 1320 Maximilianum
1119 1282 1360 1328 defendisset,
1389 1284 1493 1321 hanc
1515 1284 1844 1334 Hierographiam

344 1338 366 1376 ὲ
380 1340 435 1377 M.
451 1341 602 1377 Ioanne
617 1339 734 1376 Cotta
760 1341 873 1387 poeta
895 1339 1109 1376 Veronensi
1132 1340 1332 1376 inventam
1346 1337 1484 1388 auroq‘,
1500 1339 1733 1388 insculptam
1747 1342 1845 1383 inter

347 1398 511 1438 amicos,
529 1394 633 1431 Cum
646 1397 725 1440 jam
739 1395 816 1431 dux
833 1395 1081 1437 Venetorum
1096 1395 1246 1431 Electus
1260 1393 1345 1431 esset
1357 1396 1458 1431 clam
1472 1395 1846 1433 distribuit.Sustinet

347 1460 477 1488 autem
491 1452 531 1487 in
545 1450 619 1488 hac
633 1449 918 1514 Hierographia
934 1450 1045 1487 Atlas
1055 1450 1308 1493 'orbem,univ
1301 1449 1394 1487 ersae
1407 1449 1550 1499 nempe
1563 1461 1707 1488 naturae
1719 1450 1845 1489 maxi-

346 1517 457 1543 mam
490 1507 664 1550 molem,
688 1504 773 1542 imo
794 1508 830 1556 ὃς
864 1506 959 1542 univ
950 1504 1084 1543 ersum
1116 1504 1257 1554 ipsum.
1308 1507 1442 1553 Inquit
1454 1507 1711 1556 Symbolum:
1730 1505 1843 1543 Susti-

346 1571 413 1599 net
427 1560 658 1599 necfatiseit.
697 1561 770 1598 Sed
783 1561 870 1608 quis
893 1561 1112 1598 universum
1130 1559 1254 1616 ipsum
1274 1560 1452 1598 sustinere
1484 1561 1629 1609 potest?
1669 1557 1845 1610 profesto

345 1629 469 1654 nemo
483 1610 552 1667 nisi
565 1616 672 1653 Deus
697 1616 789 1665 Opt.
802 1616 912 1654 Max.
970 1613 1450 1666 Qditaqueindicatur?
1477 1617 1585 1654 Nihil
1600 1617 1704 1654 aliud
1709 1627 1846 1666 ,quam

345 1685 429 1716 eos,
445 1662 513 1720 qui
527 1670 549 1709 ὲ
572 1670 663 1709 Deo
684 1671 731 1708 ad
745 1683 803 1708 res
819 1681 1070 1720 magnas,aut
1081 1682 1122 1708 ut
1140 1684 1262 1721 remp.
1284 1683 1420 1722 regant
1430 1674 1558 1710 vocati
1571 1671 1669 1716 sunt,
1692 1673 1856 1709 labores·

346 1729 567 1767 vocationis
581 1726 653 1781 suae
673 1726 769 1763 ferre
781 1727 1004 1764 constanter
1025 1727 1174 1764 debere.
1231 1729 1385 1766 Iuvabit
1399 1730 1503 1765 enim
1529 1729 1618 1765 illos
1629 1729 1759 1766 divina
1772 1729 1845 1765 vir-

346 1794 422 1826 tus,
439 1794 487 1819 ne
507 1778 619 1820 oneri
639 1781 908 1825 succumbant,
920 1792 987 1819 aut
1009 1775 1201 1828 fatiscant,
1216 1785 1338 1832 perfer
1353 1785 1531 1830 itaque&
1545 1784 1718 1826 obdura,
1754 1783 1777 1820 S
1791 1783 1847 1821 V-

348 1839 419 1876 ST
436 1839 503 1875 IN
518 1839 547 1875 E
595 1838 633 1875 N
647 1838 674 1874 E
689 1837 723 1873 C
773 1838 798 1873 F
812 1836 850 1874 A
864 1838 899 1874 T
918 1838 970 1874 IS
987 1837 1061 1887 CE
1089 1838 1198 1911 Deus
1212 1852 1332 1889 opem
1346 1839 1438 1876 feret
1462 1839 1638 1888 &labor
1660 1850 1845 1887 compen-

348 1894 490 1931 fabitur
503 1893 565 1932 vel
582 1890 651 1931 hic
662 1893 722 1930 vel
743 1893 819 1944 vita
844 1902 996 1944 aeterna.

696 1980 810 2046 IN.
854 1980 1090 2030 oLLIS
1137 1980 1477 2033 VENARI.

465 2075 662 2121 Principes
681 2074 751 2109 viri
763 2074 803 2109 in
815 2072 928 2123 sylvis
942 2087 1026 2111 non
1048 2076 1086 2112 iu
1103 2074 1192 2111 ollis
1205 2075 1349 2119 venari,
1365 2075 1443 2112 hoc
1457 2073 1508 2121 est
1521 2072 1594 2109 suis
1608 2083 1692 2118 non
1709 2072 1847 2108 alienis

348 2124 546 2166 laboribus
556 2129 623 2166 sibi
634 2140 730 2172 rem,
744 2129 884 2180 statum
896 2132 934 2167 ὅ(
947 2131 1176 2179 dignitatem
1189 2142 1417 2179 comparare
1431 2129 1586 2166 debent.
1644 2129 1726 2178 Qii
1741 2128 1848 2163 enim

349 2185 502 2221 alienos
518 2184 667 2220 labores
678 2179 883 2228 devorant,
900 2196 944 2221 ac
955 2186 1004 2222 ab
1017 2187 1101 2232 alijs
1113 2197 1336 2235 praeparara,
1356 2188 1393 2222 ὃς
1413 2184 1619 2233 constituta
1643 2183 1709 2220 sibi
1725 2183 1847 2231 appli-

349 2249 452 2282 cant,
467 2251 511 2276 ac
524 2240 563 2275 in
577 2242 757 2287 proprios
769 2239 856 2276 usus
871 2251 1119 2285 convertunt,
1136 2241 1193 2285 illi
1213 2241 1355 2284 milvis,
1365 2241 1554 2288 (quorum
1568 2240 1758 2288 rapacitas
1769 2239 1846 2275 cui·

345 2296 401 2333 vis
413 2295 571 2344 cognita
584 2295 646 2337 est,
663 2295 900 2343 )c0mparar1
913 2296 1075 2344 poffunt:
1133 2297 1244 2334 Dum
1256 2298 1363 2333 enim
1375 2296 1561 2344 praedam
1552 2307 1592 2332 in
1606 2296 1691 2332 aere
1704 2295 1848 2332 milvus

345 2362 513 2398 quaerere
522 2349 687 2393 deberet,
704 2350 828 2386 ollam
840 2351 1010 2389 dccoCtis
1022 2351 1204 2389 carnibus
1218 2353 1377 2401 plenam
1401 2351 1467 2399 (in
1480 2351 1560 2397 hoc
1572 2349 1847 2400 Hieroglypto)

343 2405 511 2442 faciliori
532 2406 797 2470 compendio
795 2407 976 2443 invadere
994 2406 1242 2469 conspicitur.
1298 2408 1371 2444 Hic
1389 2407 1615 2454 acquirendi
1634 2405 1790 2448 modus,
1807 2413 1850 2441 ut

341 2462 495 2523 priva-to
510 2461 608 2497 nulli
621 2471 815 2497 convenit:
839 2463 890 2498 ita
903 2474 973 2499 nec
988 2463 1163 2511 principi,
1178 2462 1247 2499 nisi
1259 2462 1437 2512 Tyranni
1448 2462 1583 2499 haberi
1595 2473 1617 2498 v
1621 2461 1727 2498 elint.
1765 2461 1849 2511 Ty-

341 2517 456 2553 ranni
468 2517 574 2552 enim
588 2527 650 2569 per
663 2516 721 2553 fas
735 2515 925 2565 nefasque
939 2518 1110 2555 aliorum
1122 2517 1324 2555 facultates
1339 2529 1401 2567 per
1412 2519 1489 2554 vim
1507 2519 1557 2554 ad
1572 2516 1791 2564 serapiunt,
1803 2525 1849 2552 ac

342 2569 514 2621 praesenti
529 2564 631 2608 sorte
645 2569 809 2608 minime
830 2574 1049 2616 contenti,r
1033 2585 1149 2622 regna
1174 2586 1217 2610 ac
1229 2572 1378 2622 respub
1404 2574 1501 2610 bene
1525 2572 1752 2609 constitutas
1765 2582 1848 2619 per·

342 2627 512 2669 turbant,
527 2626 740 2669 invadunt,
761 2626 912 2675 suisque
926 2630 1050 2677 regnis
1073 2627 1211 2675 injuste
1225 2629 1455 2678 adjungunt.
1513 2629 1691 2675 Princeps
1702 2627 1767 2664 iste
1779 2627 1848 2663 Pe-

342 2693 423 2719 trus
439 2681 612 2725 Laudus,
625 2693 675 2718 ne
687 2682 771 2719 talis
787 2693 937 2730 putetur
960 2687 997 2720 &
1012 2685 1216 2727 habeatur,
1231 2685 1528 2734 Tyrannorum,
1543 2683 1850 2730 acillorum‚qui

343 2739 383 2773 in
408 2738 498 2773 ocio
519 2737 712 2785 degentes,
740 2737 876 2783 injuste
897 2739 1068 2776 aliorum
1082 2742 1176 2787 'opes
1189 2740 1236 2776 ad
1260 2739 1295 2776 se
1308 2739 1469 2776 trahunt
1480 2753 1524 2778 ac
1540 2739 1793 2779 consumunt,
1821 2740 1849 2774 i-

345 2793 549 2842 maginem
562 2793 823 2842 Hieroglypto
848 2794 1015 2832 exhibet.
1072 2796 1107 2834 V
1112 2797 1166 2842 itij
1179 2798 1286 2832 enim
1297 2796 1499 2844 turpitudo
1513 2796 1695 2845 exemplo
1709 2793 1847 2839 aliquo

1668 2848 1845 2887 hominis
