1980 3369
297 155 396 201 ¹52·
423 197 429 203 .

611 207 676 266 s1
736 207 832 270 TE
897 208 1099 281 FATA
1146 208 1514 270 vocANT.

449 304 603 342 Ramus
626 315 765 341 aureus
784 306 1023 355 Virgilianus
1042 306 1110 345 hic
1134 309 1358 355 exhibetur,
1387 314 1681 360 omnium,quae
1701 315 1828 362 optari

296 358 463 410 possunt,
479 358 616 407 scopus
630 367 697 396 aut
708 358 892 412 foelicitas
906 361 999 409 ipsa.
1051 364 1164 401 Hanc
1177 364 1266 402 cum
1280 366 1447 404 AEneas
1460 377 1701 416 quaereret,ac
1713 371 1827 406 omni

295 416 421 453 studio
445 413 756 464 prosequeretur3
777 414 1007 468 responsum
1034 418 1187 468 Sybillae
1213 423 1371 470 accepit,
1388 434 1517 470 neque
1531 424 1680 470 virtute,
1696 435 1825 473 neque

295 473 333 509 vi
347 470 527 522 obtineri,
547 468 608 506 sed
619 468 723 506 fato:
1507 468 1509 470 ’
1634 468 1636 471 ’
1777 468 1780 471 ’

576 541 627 589 Sz'
639 542 795 606 tefam
814 553 980 602 vocant,
1003 542 1113 592 alias
1135 562 1210 591 non
1229 544 1396 594 viribus
1418 548 1529 606 ullis,

579 611 637 660 N
636 628 679 659 ec
696 613 829 662 etiam
852 614 953 661 duro
962 615 1117 678 poteria
1137 617 1363 665 convellere
1367 618 1504 680 ferro.

449 704 605 744 Aureus
618 707 726 743 enim
737 720 880 752 ramus,
895 705 978 757 quo
994 707 1180 750 honoret„
1204 708 1354 751 divitiae,
1377 707 1549 750 vie‘toria,
1575 707 1613 744 &
1636 705 1825 755 quicquid

293 760 492 799 defiderari
507 762 641 809 potest,
658 761 912 812 significatur:
936 775 1063 811 neque
1077 764 1125 800 vi,
1139 774 1266 810 neque
1278 763 1382 799 ferro
1396 760 1643 806 abscinditur,
1657 772 1724 808 aut
1739 773 1824 798 am·

293 827 474 866 putatur,
501 816 558 853 sed
580 816 678 861 fato,
702 818 740 855 id
763 819 814 855 est
836 819 909 855 Dei
934 819 1177 867 providentia
1201 818 1408 861 obtinetur:
1471 817 1566 854 Vim
1588 819 1694 854 enim
1724 816 1847 862 infe-—

292 873 390 917 renti
411 870 501 920 saepc
513 871 660 915 resistit,
676 873 965 910 utdemulcenti
990 872 1062 910 sese
1093 871 1197 910 ultro
1219 873 1457 921 carpendum
1483 872 1673 916 obtrudit,
1697 870 1722 908 fi
1742 871 1824 918 fata

292 928 427 969 velint,
441 927 520 972 hoc
533 927 596 971 est,
612 928 745 965 divin-1
761 939 912 965 annuat
934 928 1129 967 voluntas:
1188 929 1324 966 Fatum
1345 929 1450 964 enim
1479 927 1707 971 Christianis
1735 927 1823 964 nul·

294 982 392 1025 lum,
405 982 473 1018 nisi
488 983 703 1019 connectio
716 985 754 1020 &
769 983 865 1020 ordo
883 995 1010 1020 rerum
1031 983 1050 1020 a
1063 983 1183 1020 causis
1204 981 1491 1028 neceffarijs‚vc1
1509 983 1823 1032 contingentibus

292 1049 476 1080 manans,
500 1038 658 1074 numini
683 1036 770 1075 solo
793 1049 908 1083 nota,
936 1037 1062 1075 fatum
1081 1049 1251 1078 vocetur,
1307 1039 1420 1075 Hanc
1444 1037 1653 1081 Christiani
1675 1037 1822 1074 satine-

292 1091 528 1141 cessitatem,
556 1094 719 1142 agnovit
749 1094 899 1143 Mysta,
924 1095 990 1142 qui
1020 1092 1086 1130 sibi
1118 1095 1254 1138 omnia
1286 1094 1454 1134 foelicia‚
1488 1093 1611 1137 divini
1647 1093 1822 1130 numinis

293 1158 382 1194 ope,
399 1158 443 1183 ac
464 1146 668 1184 victoriam
683 1159 818 1185 contra
841 1149 982 1192 hostes,
1004 1161 1105 1196 quos
1138 1149 1359 1196 complures
1381 1147 1539 1191 habuit,
1562 1147 1822 1191 citralaborcs

291 1203 504 1250 pollicetur.
561 1203 804 1240 frustraneus
822 1205 926 1240 enim
955 1203 1066 1240 labor
1095 1205 1132 1240 ὃ(
1157 1204 1311 1240 inutiles
1335 1215 1439 1240 curae
1455 1202 1562 1245 sunt,
1585 1214 1669 1249 quae
1690 1202 1821 1238 adver·

292 1257 353 1294 sus
366 1257 549 1293 divinitus
565 1259 783 1295 ordinatam
798 1271 926 1295 rerum
941 1259 1070 1295 seriem
1087 1259 1350 1302 instituuntur.
1407 1256 1732 1307 Reprehendendi
1752 1259 1822 1293 ita-

291 1324 381 1360 que,
407 1314 475 1360 qui
510 1311 588 1349 fata
618 1325 756 1362 cogere
781 1315 941 1357 volunt,
967 1326 1011 1350 ae
1037 1327 1106 1362 prae
1127 1315 1208 1360 alijs
1232 1314 1389 1351 chimici
1406 1341 1415 1356 ,
1438 1316 1506 1361 qui
1526 1324 1685 1349 aureum
1708 1312 1821 1348 illum

289 1379 467 1410 ramum,
492 1379 629 1404 aureos
658 1368 919 1416 proferentem
943 1369 1113 1413 frustus,
1148 1381 1265 1416 quem
1290 1370 1457 1416 lapidem
1494 1367 1821 1417 pbilosophorum

288 1423 510 1472 appellant,
542 1433 601 1459 tot
623 1418 821 1461 laboribus
853 1425 990 1474 vigiliis
1005 1427 1041 1462 ὃ(
1063 1424 1241 1471 impensis
1256 1453 1265 1467 ,
1300 1435 1341 1461 ut
1363 1423 1490 1461 Craeso
1514 1424 1669 1460 ditiores
1697 1421 1819 1465 flant,

290 1479 506 1525 quaetitant:
564 1479 702 1516 Avaris
723 1482 830 1516 enim
852 1481 999 1528 quique
1020 1479 1231 1518 immensas
1250 1480 1620 1527 divitias,tanquam
1644 1477 1820 1516 foelicita-

289 1535 338 1572 tis
361 1533 520 1581 scopum
543 1533 610 1571 sibi
630 1544 885 1583 proponunt,
912 1545 952 1571 ut
969 1547 1097 1582 neque
1123 1536 1367 1583 potentibus,
1388 1546 1542 1571 ramum
1567 1533 1679 1571 istum
1691 1545 1741 1570 ne
1763 1542 1820 1570 at-

288 1590 435 1637 tingere
457 1590 615 1635 quidem
653 1590 776 1627 datur.
807 1588 898 1627 Imo
922 1601 1087 1627 conatus
1115 1592 1368 1627 temeritatem
1398 1589 1489 1638 saepe
1516 1590 1641 1638 poenis
1663 1588 1819 1637 expiare

289 1644 442 1686 debent,
457 1644 551 1681 dum
568 1644 650 1692 post
668 1645 857 1682 immensa
882 1645 1001 1682 studia
1015 1674 1025 1688 ,
1053 1657 1097 1682 ae
1121 1644 1298 1693 profusas
1313 1645 1529 1688 facultates,
1549 1644 1706 1681 senilem
1729 1652 1817 1680 aeta·

288 1709 366 1736 tem
394 1701 586 1747 pauperie,
604 1701 765 1742 morbis,
792 1702 971 1737 aerumnis
985 1712 1029 1737 ac
1051 1701 1335 1738 calamitatibus
1355 1700 1555 1749 transigere
1577 1708 1782 1748 coguntur:

289 1755 327 1793 A
352 1754 472 1792 fumis
498 1756 605 1791 enim
638 1756 972 1798 metallorum,ac
999 1755 1270 1800 minmalium,
1296 1753 1542 1803 aliarumque
1572 1755 1819 1791 materierum

288 1809 632 1853 exhalationibus,
657 1822 742 1858 quae
764 1811 1005 1848 horrendum
1030 1810 1214 1847 foetorem
1248 1813 1442 1859 expirant,
1469 1822 1553 1847 non
1578 1821 1716 1858 parum
1736 1819 1820 1849 cor-

286 1876 360 1913 pus
384 1864 648 1902 labefactatur:
693 1863 751 1903 Eo
777 1867 883 1903 enim
904 1866 1074 1902 stulticiae
1096 1876 1258 1903 ventum
1280 1866 1353 1909 est,
1383 1876 1423 1903 ut
1447 1877 1608 1903 aureum
1628 1865 1739 1901 illum
1761 1875 1819 1901 ra-

286 1931 401 1956 mum
420 1931 465 1957 ex
490 1922 744 1958 excrementis
765 1919 926 1970 alijsc'lue
951 1921 1181 1958 detestandis
1200 1922 1425 1969 rebus-quae
1445 1921 1628 1959 lethalem
1651 1920 1819 1957 odorem

287 1975 442 2023 spirant.
456 1976 591 2012 elicere
605 1986 814 2016 conentur.
872 1976 990 2013 Multi
1011 1987 1192 2014 naturam
1215 1989 1300 2014 non
1324 1976 1432 2020 ferre,
1448 1986 1489 2014 ut
1512 1977 1594 2013 auri
1609 1974 1737 2012 semen
1752 1974 1818 2011 ha-

287 2030 390 2074 beri,
414 2033 453 2068 &
473 2040 681 2068 momento
696 2060 706 2075 ,
730 2033 772 2069 in
793 2033 883 2081 igne
904 2043 1045 2068 aurum
1073 2034 1246 2082 generari
1273 2032 1412 2081 possit,
1447 2040 1668 2069 autumant.
1736 2029 1815 2075 Alii

286 2083 308 2123 ὲ
328 2096 477 2130 contra,
494 2087 584 2134 quia
611 2087 860 2125 metallorum
882 2086 1039 2135 simplex
1060 2088 1277 2126 admodum
1303 2087 1352 2125 est
1376 2088 1577 2137 generatio
1592 2114 1602 2130 ,
1623 2097 1668 2123 ac
1690 2087 1731 2123 in
1744 2085 1817 2122 mi·

289 2143 390 2178 neris
411 2153 456 2178 ex
480 2143 649 2188 materiis
672 2142 866 2190 aliquibus
890 2144 986 2191 aptis
1011 2145 1049 2180 ὃ(
1072 2144 1312 2187 commixtis,
1327 2144 1474 2192 agentis
1489 2143 1678 2180 viaurum
1701 2151 1819 2190 gene-

285 2207 409 2233 ratur:
432 2205 533 2233 extra
561 2206 663 2234 terrae
676 2209 792 2235 venas
811 2198 952 2235 eodem
967 2198 1090 2235 modo
1103 2200 1276 2248 generari
1298 2207 1442 2235 naturae
1460 2209 1574 2246 opera
1588 2224 1598 2241 ,
1614 2199 1652 2234 ὅ(
1674 2194 1818 2233 artifice

285 2253 468 2289 materias
497 2252 660 2289 idoneas
683 2252 838 2289 tantum
872 2256 1136 2302 conjungente
1162 2262 1307 2302 putant.
1374 2254 1423 2290 Hi
1444 2253 1561 2290 noste
1582 2249 1722 2299 dicc'lue
1742 2251 1817 2287 stu-

286 2307 392 2347 dent,
411 2306 614 2351 laborant,
629 2308 814 2357 vigilant,
840 2308 1053 2357 sumptibus
1079 2320 1161 2346 non
1190 2317 1373 2357 parcunt,
1398 2319 1442 2345 ac
1463 2308 1561 2345 nihil
1580 2308 1816 2345 intentatum

285 2362 523 2408 relinquunt,
548 2371 588 2398 ut
608 2364 691 2399 voti
712 2373 917 2411 compotes
938 2362 1054 2400 fiant:
1080 2363 1139 2400 sed
1166 2363 1299 2400 frustra
1324 2364 1575 2411 plerumque,
1600 2358 1710 2410 quod
1741 2360 1816 2399 illis

285 2416 414 2454 solum
436 2428 599 2455 aureum
625 2417 730 2455 hunc
749 2430 904 2456 ramum
917 2430 1070 2467 carpere
1088 2419 1211 2462 liceat,
1226 2431 1327 2466 quos
1340 2418 1419 2456 fata
1443 2426 1633 2456 vocarunt
1646 2444 1656 2461 ,
1672 2427 1716 2454 ac
1729 2417 1815 2464 qui·

285 2472 358 2509 bus
384 2473 490 2508 Deus
513 2474 665 2509 tantum
684 2472 919 2511 beneficium
941 2474 1116 2523 largitur,
1140 2486 1183 2511 ac
1207 2476 1346 2511 mentis
1373 2474 1512 2511 oculos
1533 2473 1671 2521 aperit:
1692 2480 1732 2508 ut
1745 2483 1814 2508 na·

281 2537 410 2568 turam
422 2528 559 2563 ducem
577 2527 848 2576 sequ21ntur,ac
863 2529 1006 2573 rejectis
1021 2530 1152 2566 minus
1169 2529 1322 2566 idoneis
1336 2531 1372 2566 ὅ(
1389 2529 1559 2571 sordidis,
1591 2525 1816 2577 prolificum

284 2583 415 2621 semen
430 2584 478 2619 ab
503 2593 621 2619 aureo
642 2595 769 2627 ramo,
786 2583 809 2620 si
832 2596 972 2621 aurum
995 2585 1151 2633 gignere
1170 2584 1301 2628 velint,
1319 2585 1455 2621 elicere
1476 2582 1816 2633 aptisinstrumen-

284 2639 345 2679 tis,
360 2634 518 2684 aquisve
532 2636 770 2676 solventibus
784 2638 953 2686 ejusdem
978 2650 1188 2682 narurae,ex
1205 2640 1346 2686 quibus
1359 2635 1491 2677 ramus
1511 2635 1709 2676 intrinsece
1721 2648 1815 2673 con·

286 2693 367 2733 stat,
384 2703 591 2731 conentur.
654 2693 799 2732 verum
823 2694 1064 2731 instrumenti
1098 2697 1322 2737 materiam,
1345 2707 1467 2743 quam
1492 2695 1628 2731 omnia
1659 2692 1815 2729 metalla

285 2748 327 2784 in
349 2746 384 2785 se
405 2749 626 2795 continent,
641 2750 755 2799 pauci
766 2759 925 2788 norunt.
981 2749 1224 2800 Philosophi,
1237 2750 1413 2794 chimici,
1429 2751 1663 2787 unanimiter
1675 2758 1814 2838 on}nes

1616 2804 1667 2841 ita
1680 2803 1724 2840 de
1743 2801 1813 2838 cti-
